%YAML 1.1
%TAG !u! tag:unity3d.com,2011:
--- !u!1 &5120816266655255
GameObject:
  m_ObjectHideFlags: 0
  m_CorrespondingSourceObject: {fileID: 0}
  m_PrefabInstance: {fileID: 0}
  m_PrefabAsset: {fileID: 0}
  serializedVersion: 6
  m_Component:
  - component: {fileID: 8582196477542053557}
  m_Layer: 0
  m_Name: LeftHand
  m_TagString: Untagged
  m_Icon: {fileID: 0}
  m_NavMeshLayer: 0
  m_StaticEditorFlags: 0
  m_IsActive: 1
--- !u!4 &8582196477542053557
Transform:
  m_ObjectHideFlags: 0
  m_CorrespondingSourceObject: {fileID: 0}
  m_PrefabInstance: {fileID: 0}
  m_PrefabAsset: {fileID: 0}
  m_GameObject: {fileID: 5120816266655255}
  m_LocalRotation: {x: 0.07733625, y: 0.01809409, z: 0.0051353537, w: 0.99682766}
  m_LocalPosition: {x: -0.21068843, y: 1.9895197e-15, z: -0.008048014}
  m_LocalScale: {x: 1, y: 1, z: 1}
  m_Children:
  - {fileID: 4773637949533637678}
  - {fileID: 7429443726977511327}
  - {fileID: 323546052285181719}
  - {fileID: 1171358127946316978}
  - {fileID: 7212909560472617156}
  m_Father: {fileID: 8785894083469884210}
  m_RootOrder: 0
  m_LocalEulerAnglesHint: {x: 0, y: 0, z: 0}
--- !u!1 &31163712201872874
GameObject:
  m_ObjectHideFlags: 0
  m_CorrespondingSourceObject: {fileID: 0}
  m_PrefabInstance: {fileID: 0}
  m_PrefabAsset: {fileID: 0}
  serializedVersion: 6
  m_Component:
  - component: {fileID: 3309510750737893546}
  m_Layer: 0
  m_Name: Neck
  m_TagString: Untagged
  m_Icon: {fileID: 0}
  m_NavMeshLayer: 0
  m_StaticEditorFlags: 0
  m_IsActive: 1
--- !u!4 &3309510750737893546
Transform:
  m_ObjectHideFlags: 0
  m_CorrespondingSourceObject: {fileID: 0}
  m_PrefabInstance: {fileID: 0}
  m_PrefabAsset: {fileID: 0}
  m_GameObject: {fileID: 31163712201872874}
  m_LocalRotation: {x: -5.2041704e-18, y: 4.2632927e-14, z: 2.273737e-13, w: 1}
  m_LocalPosition: {x: 6.78067e-11, y: 0.21684283, z: -0.031230537}
  m_LocalScale: {x: 1, y: 1, z: 1}
  m_Children:
  - {fileID: 1502789849961943634}
  m_Father: {fileID: 1188589942484996857}
  m_RootOrder: 2
  m_LocalEulerAnglesHint: {x: 0, y: 0, z: 0}
--- !u!1 &85174090434273087
GameObject:
  m_ObjectHideFlags: 0
  m_CorrespondingSourceObject: {fileID: 0}
  m_PrefabInstance: {fileID: 0}
  m_PrefabAsset: {fileID: 0}
  serializedVersion: 6
  m_Component:
  - component: {fileID: 1171358127946316978}
  m_Layer: 0
  m_Name: LeftHandRing1
  m_TagString: Untagged
  m_Icon: {fileID: 0}
  m_NavMeshLayer: 0
  m_StaticEditorFlags: 0
  m_IsActive: 1
--- !u!4 &1171358127946316978
Transform:
  m_ObjectHideFlags: 0
  m_CorrespondingSourceObject: {fileID: 0}
  m_PrefabInstance: {fileID: 0}
  m_PrefabAsset: {fileID: 0}
  m_GameObject: {fileID: 85174090434273087}
  m_LocalRotation: {x: 0.012335844, y: -0.0047097863, z: -0.16515173, w: 0.9861798}
  m_LocalPosition: {x: -0.122652784, y: -0.0035174626, z: -0.038758583}
  m_LocalScale: {x: 1, y: 1, z: 1}
  m_Children:
  - {fileID: 7049627763866536338}
  m_Father: {fileID: 8582196477542053557}
  m_RootOrder: 3
  m_LocalEulerAnglesHint: {x: 0, y: 0, z: 0}
--- !u!1 &330957936536570909
GameObject:
  m_ObjectHideFlags: 0
  m_CorrespondingSourceObject: {fileID: 0}
  m_PrefabInstance: {fileID: 0}
  m_PrefabAsset: {fileID: 0}
  serializedVersion: 6
  m_Component:
  - component: {fileID: 6877909408174840925}
  m_Layer: 0
  m_Name: LeftHandThumb3
  m_TagString: Untagged
  m_Icon: {fileID: 0}
  m_NavMeshLayer: 0
  m_StaticEditorFlags: 0
  m_IsActive: 1
--- !u!4 &6877909408174840925
Transform:
  m_ObjectHideFlags: 0
  m_CorrespondingSourceObject: {fileID: 0}
  m_PrefabInstance: {fileID: 0}
  m_PrefabAsset: {fileID: 0}
  m_GameObject: {fileID: 330957936536570909}
  m_LocalRotation: {x: 0, y: -0, z: -0, w: 1}
  m_LocalPosition: {x: -0.030295614, y: -0.020997971, z: 0.014158436}
  m_LocalScale: {x: 1, y: 1, z: 1}
  m_Children: []
  m_Father: {fileID: 7367914810657202235}
  m_RootOrder: 0
  m_LocalEulerAnglesHint: {x: 0, y: 0, z: 0}
--- !u!1 &411679280413257768
GameObject:
  m_ObjectHideFlags: 0
  m_CorrespondingSourceObject: {fileID: 0}
  m_PrefabInstance: {fileID: 0}
  m_PrefabAsset: {fileID: 0}
  serializedVersion: 6
  m_Component:
  - component: {fileID: 7212909560472617156}
  m_Layer: 0
  m_Name: LeftHandThumb1
  m_TagString: Untagged
  m_Icon: {fileID: 0}
  m_NavMeshLayer: 0
  m_StaticEditorFlags: 0
  m_IsActive: 1
--- !u!4 &7212909560472617156
Transform:
  m_ObjectHideFlags: 0
  m_CorrespondingSourceObject: {fileID: 0}
  m_PrefabInstance: {fileID: 0}
  m_PrefabAsset: {fileID: 0}
  m_GameObject: {fileID: 411679280413257768}
  m_LocalRotation: {x: 0.010206937, y: -0.044497997, z: -0.018270265, w: 0.99879026}
  m_LocalPosition: {x: -0.043621752, y: -0.01542165, z: 0.025597617}
  m_LocalScale: {x: 1, y: 1, z: 1}
  m_Children:
  - {fileID: 7367914810657202235}
  m_Father: {fileID: 8582196477542053557}
  m_RootOrder: 4
  m_LocalEulerAnglesHint: {x: 0, y: 0, z: 0}
--- !u!1 &450310470209921996
GameObject:
  m_ObjectHideFlags: 0
  m_CorrespondingSourceObject: {fileID: 0}
  m_PrefabInstance: {fileID: 0}
  m_PrefabAsset: {fileID: 0}
  serializedVersion: 6
  m_Component:
  - component: {fileID: 450310470209921997}
  - component: {fileID: 450310470209921998}
  m_Layer: 0
  m_Name: TriggerCerca
  m_TagString: Untagged
  m_Icon: {fileID: 0}
  m_NavMeshLayer: 0
  m_StaticEditorFlags: 0
  m_IsActive: 1
--- !u!4 &450310470209921997
Transform:
  m_ObjectHideFlags: 0
  m_CorrespondingSourceObject: {fileID: 0}
  m_PrefabInstance: {fileID: 0}
  m_PrefabAsset: {fileID: 0}
  m_GameObject: {fileID: 450310470209921996}
  m_LocalRotation: {x: 0, y: 0, z: 0, w: 1}
  m_LocalPosition: {x: 0, y: 0, z: 0}
  m_LocalScale: {x: 1, y: 1, z: 1}
  m_Children: []
  m_Father: {fileID: 123122769162026153}
  m_RootOrder: 5
  m_LocalEulerAnglesHint: {x: 0, y: 0, z: 0}
--- !u!135 &450310470209921998
SphereCollider:
  m_ObjectHideFlags: 0
  m_CorrespondingSourceObject: {fileID: 0}
  m_PrefabInstance: {fileID: 0}
  m_PrefabAsset: {fileID: 0}
  m_GameObject: {fileID: 450310470209921996}
  m_Material: {fileID: 0}
  m_IsTrigger: 1
  m_Enabled: 1
  serializedVersion: 2
  m_Radius: 4
  m_Center: {x: 0, y: 0.43, z: 0}
--- !u!1 &473682564939241705
GameObject:
  m_ObjectHideFlags: 0
  m_CorrespondingSourceObject: {fileID: 0}
  m_PrefabInstance: {fileID: 0}
  m_PrefabAsset: {fileID: 0}
  serializedVersion: 6
  m_Component:
  - component: {fileID: 7675871918615163100}
  m_Layer: 0
  m_Name: SkirtC1
  m_TagString: Untagged
  m_Icon: {fileID: 0}
  m_NavMeshLayer: 0
  m_StaticEditorFlags: 0
  m_IsActive: 1
--- !u!4 &7675871918615163100
Transform:
  m_ObjectHideFlags: 0
  m_CorrespondingSourceObject: {fileID: 0}
  m_PrefabInstance: {fileID: 0}
  m_PrefabAsset: {fileID: 0}
  m_GameObject: {fileID: 473682564939241705}
  m_LocalRotation: {x: 0, y: -0, z: -0, w: 1}
  m_LocalPosition: {x: 0.0202917, y: -0.07806315, z: -0.03695194}
  m_LocalScale: {x: 1, y: 1, z: 1}
  m_Children: []
  m_Father: {fileID: 168239753901687651}
  m_RootOrder: 0
  m_LocalEulerAnglesHint: {x: 0, y: 0, z: 0}
--- !u!1 &695720141972639993
GameObject:
  m_ObjectHideFlags: 0
  m_CorrespondingSourceObject: {fileID: 0}
  m_PrefabInstance: {fileID: 0}
  m_PrefabAsset: {fileID: 0}
  serializedVersion: 6
  m_Component:
  - component: {fileID: 6381527463834686090}
  m_Layer: 0
  m_Name: SkirtA
  m_TagString: Untagged
  m_Icon: {fileID: 0}
  m_NavMeshLayer: 0
  m_StaticEditorFlags: 0
  m_IsActive: 1
--- !u!4 &6381527463834686090
Transform:
  m_ObjectHideFlags: 0
  m_CorrespondingSourceObject: {fileID: 0}
  m_PrefabInstance: {fileID: 0}
  m_PrefabAsset: {fileID: 0}
  m_GameObject: {fileID: 695720141972639993}
  m_LocalRotation: {x: 0, y: -0, z: -0, w: 1}
  m_LocalPosition: {x: -0.11243084, y: 0.0193134, z: -0.10868537}
  m_LocalScale: {x: 1, y: 1, z: 1}
  m_Children:
  - {fileID: 4884044025675160249}
  m_Father: {fileID: 129911888678124448}
  m_RootOrder: 2
  m_LocalEulerAnglesHint: {x: 0, y: 0, z: 0}
--- !u!1 &758338502574052381
GameObject:
  m_ObjectHideFlags: 0
  m_CorrespondingSourceObject: {fileID: 0}
  m_PrefabInstance: {fileID: 0}
  m_PrefabAsset: {fileID: 0}
  serializedVersion: 6
  m_Component:
  - component: {fileID: 5186978876254019789}
  m_Layer: 0
  m_Name: RightHandMiddle2
  m_TagString: Untagged
  m_Icon: {fileID: 0}
  m_NavMeshLayer: 0
  m_StaticEditorFlags: 0
  m_IsActive: 1
--- !u!4 &5186978876254019789
Transform:
  m_ObjectHideFlags: 0
  m_CorrespondingSourceObject: {fileID: 0}
  m_PrefabInstance: {fileID: 0}
  m_PrefabAsset: {fileID: 0}
  m_GameObject: {fileID: 758338502574052381}
  m_LocalRotation: {x: -0.0008558363, y: -0.013396375, z: 0.047683626, w: 0.9987723}
  m_LocalPosition: {x: 0.03290935, y: -0.008754621, z: -0.0018692748}
  m_LocalScale: {x: 1, y: 1, z: 1}
  m_Children:
  - {fileID: 4988644530075106827}
  m_Father: {fileID: 8166991659470880691}
  m_RootOrder: 0
  m_LocalEulerAnglesHint: {x: 0, y: 0, z: 0}
--- !u!1 &775292823622299910
GameObject:
  m_ObjectHideFlags: 0
  m_CorrespondingSourceObject: {fileID: 0}
  m_PrefabInstance: {fileID: 0}
  m_PrefabAsset: {fileID: 0}
  serializedVersion: 6
  m_Component:
  - component: {fileID: 2853688251527876692}
  m_Layer: 0
  m_Name: SkirtB1
  m_TagString: Untagged
  m_Icon: {fileID: 0}
  m_NavMeshLayer: 0
  m_StaticEditorFlags: 0
  m_IsActive: 1
--- !u!4 &2853688251527876692
Transform:
  m_ObjectHideFlags: 0
  m_CorrespondingSourceObject: {fileID: 0}
  m_PrefabInstance: {fileID: 0}
  m_PrefabAsset: {fileID: 0}
  m_GameObject: {fileID: 775292823622299910}
  m_LocalRotation: {x: 0, y: -0, z: -0, w: 1}
  m_LocalPosition: {x: 1.6778642e-17, y: -0.096533634, z: -0.033511594}
  m_LocalScale: {x: 1, y: 1, z: 1}
  m_Children: []
  m_Father: {fileID: 5520332627747267320}
  m_RootOrder: 0
  m_LocalEulerAnglesHint: {x: 0, y: 0, z: 0}
--- !u!1 &792276386631542291
GameObject:
  m_ObjectHideFlags: 0
  m_CorrespondingSourceObject: {fileID: 0}
  m_PrefabInstance: {fileID: 0}
  m_PrefabAsset: {fileID: 0}
  serializedVersion: 6
  m_Component:
  - component: {fileID: 123122769162026153}
  - component: {fileID: 6293014485034067667}
  - component: {fileID: 450310471444552525}
  - component: {fileID: 450310471444552526}
  - component: {fileID: 450310471444552524}
  - component: {fileID: 450310471444552527}
  m_Layer: 0
  m_Name: Claire
  m_TagString: Civil
  m_Icon: {fileID: 0}
  m_NavMeshLayer: 0
  m_StaticEditorFlags: 0
  m_IsActive: 1
--- !u!4 &123122769162026153
Transform:
  m_ObjectHideFlags: 0
  m_CorrespondingSourceObject: {fileID: 0}
  m_PrefabInstance: {fileID: 0}
  m_PrefabAsset: {fileID: 0}
  m_GameObject: {fileID: 792276386631542291}
  m_LocalRotation: {x: 0, y: 0, z: 0, w: 1}
  m_LocalPosition: {x: -5.3295965, y: 0.369, z: 45.210487}
  m_LocalScale: {x: 1.2, y: 1.2, z: 1.2}
  m_Children:
  - {fileID: 4762616483792592391}
  - {fileID: 6089719641491678041}
  - {fileID: 2489172486286206879}
  - {fileID: 7746125153905780335}
  - {fileID: 129911888678124448}
  - {fileID: 450310470209921997}
  m_Father: {fileID: 0}
  m_RootOrder: 0
  m_LocalEulerAnglesHint: {x: 0, y: 0, z: 0}
--- !u!95 &6293014485034067667
Animator:
  serializedVersion: 3
  m_ObjectHideFlags: 0
  m_CorrespondingSourceObject: {fileID: 0}
  m_PrefabInstance: {fileID: 0}
  m_PrefabAsset: {fileID: 0}
  m_GameObject: {fileID: 792276386631542291}
  m_Enabled: 1
  m_Avatar: {fileID: 9000000, guid: 82426a50bc3decb46b87cf7aaf11eada, type: 3}
  m_Controller: {fileID: 9100000, guid: 3de6d7ada0c5bc347b12e94187ad968d, type: 2}
  m_CullingMode: 1
  m_UpdateMode: 0
  m_ApplyRootMotion: 1
  m_LinearVelocityBlending: 0
  m_WarningMessage: 
  m_HasTransformHierarchy: 1
  m_AllowConstantClipSamplingOptimization: 1
  m_KeepAnimatorControllerStateOnDisable: 0
--- !u!54 &450310471444552525
Rigidbody:
  m_ObjectHideFlags: 0
  m_CorrespondingSourceObject: {fileID: 0}
  m_PrefabInstance: {fileID: 0}
  m_PrefabAsset: {fileID: 0}
  m_GameObject: {fileID: 792276386631542291}
  serializedVersion: 2
  m_Mass: 1
  m_Drag: 0
  m_AngularDrag: 0.05
  m_UseGravity: 1
  m_IsKinematic: 0
  m_Interpolate: 0
  m_Constraints: 0
  m_CollisionDetection: 0
--- !u!136 &450310471444552526
CapsuleCollider:
  m_ObjectHideFlags: 0
  m_CorrespondingSourceObject: {fileID: 0}
  m_PrefabInstance: {fileID: 0}
  m_PrefabAsset: {fileID: 0}
  m_GameObject: {fileID: 792276386631542291}
  m_Material: {fileID: 0}
  m_IsTrigger: 0
  m_Enabled: 1
  m_Radius: 0.27
  m_Height: 1.88
  m_Direction: 1
  m_Center: {x: 0, y: 0.94, z: 0}
--- !u!114 &450310471444552524
MonoBehaviour:
  m_ObjectHideFlags: 0
  m_CorrespondingSourceObject: {fileID: 0}
  m_PrefabInstance: {fileID: 0}
  m_PrefabAsset: {fileID: 0}
  m_GameObject: {fileID: 792276386631542291}
  m_Enabled: 1
  m_EditorHideFlags: 0
  m_Script: {fileID: 11500000, guid: 9ed80b58a20d8d241b6cb005ad4eff39, type: 3}
  m_Name: 
  m_EditorClassIdentifier: 
  radioDeambular: 50
  tiempoDeambular: 2
  agente: {fileID: 450310471444552527}
--- !u!195 &450310471444552527
NavMeshAgent:
  m_ObjectHideFlags: 0
  m_CorrespondingSourceObject: {fileID: 0}
  m_PrefabInstance: {fileID: 0}
  m_PrefabAsset: {fileID: 0}
  m_GameObject: {fileID: 792276386631542291}
  m_Enabled: 1
  m_AgentTypeID: 0
  m_Radius: 0.29
  m_Speed: 1
  m_Acceleration: 8
  avoidancePriority: 50
  m_AngularSpeed: 40
  m_StoppingDistance: 0
  m_AutoTraverseOffMeshLink: 1
  m_AutoBraking: 1
  m_AutoRepath: 1
  m_Height: 2.2
  m_BaseOffset: 0
  m_WalkableMask: 4294967295
  m_ObstacleAvoidanceType: 4
--- !u!1 &803377152216191162
GameObject:
  m_ObjectHideFlags: 0
  m_CorrespondingSourceObject: {fileID: 0}
  m_PrefabInstance: {fileID: 0}
  m_PrefabAsset: {fileID: 0}
  serializedVersion: 6
  m_Component:
  - component: {fileID: 8182877981145265279}
  m_Layer: 0
  m_Name: LeftLeg
  m_TagString: Untagged
  m_Icon: {fileID: 0}
  m_NavMeshLayer: 0
  m_StaticEditorFlags: 0
  m_IsActive: 1
--- !u!4 &8182877981145265279
Transform:
  m_ObjectHideFlags: 0
  m_CorrespondingSourceObject: {fileID: 0}
  m_PrefabInstance: {fileID: 0}
  m_PrefabAsset: {fileID: 0}
  m_GameObject: {fileID: 803377152216191162}
  m_LocalRotation: {x: 0.00069676246, y: -0.000005163431, z: 0.000000041252754, w: 0.99999976}
  m_LocalPosition: {x: -0.003258677, y: -0.3238509, z: 0.00043990626}
  m_LocalScale: {x: 1, y: 1, z: 1}
  m_Children:
  - {fileID: 4887184626370255761}
  m_Father: {fileID: 5395350246294724984}
  m_RootOrder: 0
  m_LocalEulerAnglesHint: {x: 0, y: 0, z: 0}
--- !u!1 &862901575352073538
GameObject:
  m_ObjectHideFlags: 0
  m_CorrespondingSourceObject: {fileID: 0}
  m_PrefabInstance: {fileID: 0}
  m_PrefabAsset: {fileID: 0}
  serializedVersion: 6
  m_Component:
  - component: {fileID: 6805513666721517630}
  m_Layer: 0
  m_Name: RightHandThumb3
  m_TagString: Untagged
  m_Icon: {fileID: 0}
  m_NavMeshLayer: 0
  m_StaticEditorFlags: 0
  m_IsActive: 1
--- !u!4 &6805513666721517630
Transform:
  m_ObjectHideFlags: 0
  m_CorrespondingSourceObject: {fileID: 0}
  m_PrefabInstance: {fileID: 0}
  m_PrefabAsset: {fileID: 0}
  m_GameObject: {fileID: 862901575352073538}
  m_LocalRotation: {x: 0, y: -0, z: -0, w: 1}
  m_LocalPosition: {x: 0.030295614, y: -0.020997971, z: 0.014158436}
  m_LocalScale: {x: 1, y: 1, z: 1}
  m_Children: []
  m_Father: {fileID: 2474279944431747951}
  m_RootOrder: 0
  m_LocalEulerAnglesHint: {x: 0, y: 0, z: 0}
--- !u!1 &962843781645597217
GameObject:
  m_ObjectHideFlags: 0
  m_CorrespondingSourceObject: {fileID: 0}
  m_PrefabInstance: {fileID: 0}
  m_PrefabAsset: {fileID: 0}
  serializedVersion: 6
  m_Component:
  - component: {fileID: 4730255737333474848}
  m_Layer: 0
  m_Name: RightHandPinky1
  m_TagString: Untagged
  m_Icon: {fileID: 0}
  m_NavMeshLayer: 0
  m_StaticEditorFlags: 0
  m_IsActive: 1
--- !u!4 &4730255737333474848
Transform:
  m_ObjectHideFlags: 0
  m_CorrespondingSourceObject: {fileID: 0}
  m_PrefabInstance: {fileID: 0}
  m_PrefabAsset: {fileID: 0}
  m_GameObject: {fileID: 962843781645597217}
  m_LocalRotation: {x: 0.012647341, y: -0.023055423, z: 0.16874458, w: 0.985309}
  m_LocalPosition: {x: 0.11297684, y: -0.01640298, z: -0.06431422}
  m_LocalScale: {x: 1, y: 1, z: 1}
  m_Children:
  - {fileID: 7719100396188531615}
  m_Father: {fileID: 6958968699121087791}
  m_RootOrder: 2
  m_LocalEulerAnglesHint: {x: 0, y: 0, z: 0}
--- !u!1 &1096075412101723395
GameObject:
  m_ObjectHideFlags: 0
  m_CorrespondingSourceObject: {fileID: 0}
  m_PrefabInstance: {fileID: 0}
  m_PrefabAsset: {fileID: 0}
  serializedVersion: 6
  m_Component:
  - component: {fileID: 579629414247493460}
  m_Layer: 0
  m_Name: LeftHandIndex2
  m_TagString: Untagged
  m_Icon: {fileID: 0}
  m_NavMeshLayer: 0
  m_StaticEditorFlags: 0
  m_IsActive: 1
--- !u!4 &579629414247493460
Transform:
  m_ObjectHideFlags: 0
  m_CorrespondingSourceObject: {fileID: 0}
  m_PrefabInstance: {fileID: 0}
  m_PrefabAsset: {fileID: 0}
  m_GameObject: {fileID: 1096075412101723395}
  m_LocalRotation: {x: 0.00007012352, y: 0.02117437, z: -0.08641071, w: 0.99603456}
  m_LocalPosition: {x: -0.032291904, y: -0.005749148, z: -0.0014349759}
  m_LocalScale: {x: 1, y: 1, z: 1}
  m_Children:
  - {fileID: 3174334532310289612}
  m_Father: {fileID: 4773637949533637678}
  m_RootOrder: 0
  m_LocalEulerAnglesHint: {x: 0, y: 0, z: 0}
--- !u!1 &1348397827761279948
GameObject:
  m_ObjectHideFlags: 0
  m_CorrespondingSourceObject: {fileID: 0}
  m_PrefabInstance: {fileID: 0}
  m_PrefabAsset: {fileID: 0}
  serializedVersion: 6
  m_Component:
  - component: {fileID: 5395350246294724984}
  m_Layer: 0
  m_Name: LeftUpLeg
  m_TagString: Untagged
  m_Icon: {fileID: 0}
  m_NavMeshLayer: 0
  m_StaticEditorFlags: 0
  m_IsActive: 1
--- !u!4 &5395350246294724984
Transform:
  m_ObjectHideFlags: 0
  m_CorrespondingSourceObject: {fileID: 0}
  m_PrefabInstance: {fileID: 0}
  m_PrefabAsset: {fileID: 0}
  m_GameObject: {fileID: 1348397827761279948}
  m_LocalRotation: {x: -0.00024571441, y: 0.0000010274197, z: 0.004194167, w: 0.9999912}
  m_LocalPosition: {x: -0.08266982, y: -0.07995459, z: -0.0037905346}
  m_LocalScale: {x: 1, y: 1, z: 1}
  m_Children:
  - {fileID: 8182877981145265279}
  m_Father: {fileID: 3594001854958733801}
  m_RootOrder: 0
  m_LocalEulerAnglesHint: {x: 0, y: 0, z: 0}
--- !u!1 &1452988627434273576
GameObject:
  m_ObjectHideFlags: 0
  m_CorrespondingSourceObject: {fileID: 0}
  m_PrefabInstance: {fileID: 0}
  m_PrefabAsset: {fileID: 0}
  serializedVersion: 6
  m_Component:
  - component: {fileID: 4196133150287397468}
  m_Layer: 0
  m_Name: LeftShoulder
  m_TagString: Untagged
  m_Icon: {fileID: 0}
  m_NavMeshLayer: 0
  m_StaticEditorFlags: 0
  m_IsActive: 1
--- !u!4 &4196133150287397468
Transform:
  m_ObjectHideFlags: 0
  m_CorrespondingSourceObject: {fileID: 0}
  m_PrefabInstance: {fileID: 0}
  m_PrefabAsset: {fileID: 0}
  m_GameObject: {fileID: 1452988627434273576}
  m_LocalRotation: {x: -0.000000044703484, y: 4.2632557e-14, z: -0.000000044703256,
    w: 1}
  m_LocalPosition: {x: -0.042158417, y: 0.16554418, z: -0.040647224}
  m_LocalScale: {x: 1, y: 1, z: 1}
  m_Children:
  - {fileID: 4709237793114221924}
  m_Father: {fileID: 1188589942484996857}
  m_RootOrder: 1
  m_LocalEulerAnglesHint: {x: 0, y: 0, z: 0}
--- !u!1 &1488608167317930847
GameObject:
  m_ObjectHideFlags: 0
  m_CorrespondingSourceObject: {fileID: 0}
  m_PrefabInstance: {fileID: 0}
  m_PrefabAsset: {fileID: 0}
  serializedVersion: 6
  m_Component:
  - component: {fileID: 6958968699121087791}
  m_Layer: 0
  m_Name: RightHand
  m_TagString: Untagged
  m_Icon: {fileID: 0}
  m_NavMeshLayer: 0
  m_StaticEditorFlags: 0
  m_IsActive: 1
--- !u!4 &6958968699121087791
Transform:
  m_ObjectHideFlags: 0
  m_CorrespondingSourceObject: {fileID: 0}
  m_PrefabInstance: {fileID: 0}
  m_PrefabAsset: {fileID: 0}
  m_GameObject: {fileID: 1488608167317930847}
  m_LocalRotation: {x: 0.07733625, y: -0.01809409, z: -0.0051353537, w: 0.99682766}
  m_LocalPosition: {x: 0.21068843, y: 6.496151e-11, z: -0.008048014}
  m_LocalScale: {x: 1, y: 1, z: 1}
  m_Children:
  - {fileID: 3672511367569120932}
  - {fileID: 8166991659470880691}
  - {fileID: 4730255737333474848}
  - {fileID: 3841789538016931742}
  - {fileID: 1306290017127179008}
  m_Father: {fileID: 4522443655863301337}
  m_RootOrder: 0
  m_LocalEulerAnglesHint: {x: 0, y: 0, z: 0}
--- !u!1 &1564190277689043138
GameObject:
  m_ObjectHideFlags: 0
  m_CorrespondingSourceObject: {fileID: 0}
  m_PrefabInstance: {fileID: 0}
  m_PrefabAsset: {fileID: 0}
  serializedVersion: 6
  m_Component:
  - component: {fileID: 914830157341878578}
  m_Layer: 0
  m_Name: LeftHandMiddle2
  m_TagString: Untagged
  m_Icon: {fileID: 0}
  m_NavMeshLayer: 0
  m_StaticEditorFlags: 0
  m_IsActive: 1
--- !u!4 &914830157341878578
Transform:
  m_ObjectHideFlags: 0
  m_CorrespondingSourceObject: {fileID: 0}
  m_PrefabInstance: {fileID: 0}
  m_PrefabAsset: {fileID: 0}
  m_GameObject: {fileID: 1564190277689043138}
  m_LocalRotation: {x: -0.0008558363, y: 0.013396375, z: -0.047683626, w: 0.9987723}
  m_LocalPosition: {x: -0.03290935, y: -0.00875462, z: -0.0018692749}
  m_LocalScale: {x: 1, y: 1, z: 1}
  m_Children:
  - {fileID: 2521248821921195103}
  m_Father: {fileID: 7429443726977511327}
  m_RootOrder: 0
  m_LocalEulerAnglesHint: {x: 0, y: 0, z: 0}
--- !u!1 &1754880401842184647
GameObject:
  m_ObjectHideFlags: 0
  m_CorrespondingSourceObject: {fileID: 0}
  m_PrefabInstance: {fileID: 0}
  m_PrefabAsset: {fileID: 0}
  serializedVersion: 6
  m_Component:
  - component: {fileID: 8895844404140555844}
  m_Layer: 0
  m_Name: RightHandRing3
  m_TagString: Untagged
  m_Icon: {fileID: 0}
  m_NavMeshLayer: 0
  m_StaticEditorFlags: 0
  m_IsActive: 1
--- !u!4 &8895844404140555844
Transform:
  m_ObjectHideFlags: 0
  m_CorrespondingSourceObject: {fileID: 0}
  m_PrefabInstance: {fileID: 0}
  m_PrefabAsset: {fileID: 0}
  m_GameObject: {fileID: 1754880401842184647}
  m_LocalRotation: {x: 0, y: -0, z: -0, w: 1}
  m_LocalPosition: {x: 0.030227456, y: -0.012810168, z: -0.0029096045}
  m_LocalScale: {x: 1, y: 1, z: 1}
  m_Children: []
  m_Father: {fileID: 7843154372883665565}
  m_RootOrder: 0
  m_LocalEulerAnglesHint: {x: 0, y: 0, z: 0}
--- !u!1 &1938608873928985520
GameObject:
  m_ObjectHideFlags: 0
  m_CorrespondingSourceObject: {fileID: 0}
  m_PrefabInstance: {fileID: 0}
  m_PrefabAsset: {fileID: 0}
  serializedVersion: 6
  m_Component:
  - component: {fileID: 2135460629158900405}
  m_Layer: 0
  m_Name: LeftHandPinky2
  m_TagString: Untagged
  m_Icon: {fileID: 0}
  m_NavMeshLayer: 0
  m_StaticEditorFlags: 0
  m_IsActive: 1
--- !u!4 &2135460629158900405
Transform:
  m_ObjectHideFlags: 0
  m_CorrespondingSourceObject: {fileID: 0}
  m_PrefabInstance: {fileID: 0}
  m_PrefabAsset: {fileID: 0}
  m_GameObject: {fileID: 1938608873928985520}
  m_LocalRotation: {x: 0.0023685566, y: -0.013658553, z: 0.020059591, w: 0.9997027}
  m_LocalPosition: {x: -0.026790237, y: -0.009500733, z: -0.0033055397}
  m_LocalScale: {x: 1, y: 1, z: 1}
  m_Children:
  - {fileID: 1887243690685341442}
  m_Father: {fileID: 323546052285181719}
  m_RootOrder: 0
  m_LocalEulerAnglesHint: {x: 0, y: 0, z: 0}
--- !u!1 &2164344168128254040
GameObject:
  m_ObjectHideFlags: 0
  m_CorrespondingSourceObject: {fileID: 0}
  m_PrefabInstance: {fileID: 0}
  m_PrefabAsset: {fileID: 0}
  serializedVersion: 6
  m_Component:
  - component: {fileID: 4773637949533637678}
  m_Layer: 0
  m_Name: LeftHandIndex1
  m_TagString: Untagged
  m_Icon: {fileID: 0}
  m_NavMeshLayer: 0
  m_StaticEditorFlags: 0
  m_IsActive: 1
--- !u!4 &4773637949533637678
Transform:
  m_ObjectHideFlags: 0
  m_CorrespondingSourceObject: {fileID: 0}
  m_PrefabInstance: {fileID: 0}
  m_PrefabAsset: {fileID: 0}
  m_GameObject: {fileID: 2164344168128254040}
  m_LocalRotation: {x: 0.006585855, y: -0.014920018, z: -0.088426895, w: 0.99594915}
  m_LocalPosition: {x: -0.121407084, y: -0.00082788843, z: 0.028933462}
  m_LocalScale: {x: 1, y: 1, z: 1}
  m_Children:
  - {fileID: 579629414247493460}
  m_Father: {fileID: 8582196477542053557}
  m_RootOrder: 0
  m_LocalEulerAnglesHint: {x: 0, y: 0, z: 0}
--- !u!1 &2236805425393685050
GameObject:
  m_ObjectHideFlags: 0
  m_CorrespondingSourceObject: {fileID: 0}
  m_PrefabInstance: {fileID: 0}
  m_PrefabAsset: {fileID: 0}
  serializedVersion: 6
  m_Component:
  - component: {fileID: 4887184626370255761}
  m_Layer: 0
  m_Name: LeftFoot
  m_TagString: Untagged
  m_Icon: {fileID: 0}
  m_NavMeshLayer: 0
  m_StaticEditorFlags: 0
  m_IsActive: 1
--- !u!4 &4887184626370255761
Transform:
  m_ObjectHideFlags: 0
  m_CorrespondingSourceObject: {fileID: 0}
  m_PrefabInstance: {fileID: 0}
  m_PrefabAsset: {fileID: 0}
  m_GameObject: {fileID: 2236805425393685050}
  m_LocalRotation: {x: -0.00045106444, y: 0.0000011959394, z: -0.0041941195, w: 0.9999911}
  m_LocalPosition: {x: -0.0023929863, y: -0.3499399, z: -0.021626823}
  m_LocalScale: {x: 1, y: 1, z: 1}
  m_Children:
  - {fileID: 5677994457451306169}
  m_Father: {fileID: 8182877981145265279}
  m_RootOrder: 0
  m_LocalEulerAnglesHint: {x: 0, y: 0, z: 0}
--- !u!1 &2355495954410544735
GameObject:
  m_ObjectHideFlags: 0
  m_CorrespondingSourceObject: {fileID: 0}
  m_PrefabInstance: {fileID: 0}
  m_PrefabAsset: {fileID: 0}
  serializedVersion: 6
  m_Component:
  - component: {fileID: 7746125153905780335}
  - component: {fileID: 8578495624862766328}
  m_Layer: 0
  m_Name: Girl_Mouth_Geo
  m_TagString: Untagged
  m_Icon: {fileID: 0}
  m_NavMeshLayer: 0
  m_StaticEditorFlags: 0
  m_IsActive: 1
--- !u!4 &7746125153905780335
Transform:
  m_ObjectHideFlags: 0
  m_CorrespondingSourceObject: {fileID: 0}
  m_PrefabInstance: {fileID: 0}
  m_PrefabAsset: {fileID: 0}
  m_GameObject: {fileID: 2355495954410544735}
  m_LocalRotation: {x: 0, y: -0, z: -0, w: 1}
  m_LocalPosition: {x: -0, y: 0, z: 0}
  m_LocalScale: {x: 1, y: 1, z: 1}
  m_Children: []
  m_Father: {fileID: 123122769162026153}
  m_RootOrder: 3
  m_LocalEulerAnglesHint: {x: 0, y: 0, z: 0}
--- !u!137 &8578495624862766328
SkinnedMeshRenderer:
  m_ObjectHideFlags: 0
  m_CorrespondingSourceObject: {fileID: 0}
  m_PrefabInstance: {fileID: 0}
  m_PrefabAsset: {fileID: 0}
  m_GameObject: {fileID: 2355495954410544735}
  m_Enabled: 1
  m_CastShadows: 1
  m_ReceiveShadows: 1
  m_DynamicOccludee: 1
  m_MotionVectors: 1
  m_LightProbeUsage: 1
  m_ReflectionProbeUsage: 1
  m_RayTracingMode: 0
  m_RenderingLayerMask: 1
  m_RendererPriority: 0
  m_Materials:
  - {fileID: 2100000, guid: 798e6f527f53e53468f8a63a9cfb0ca4, type: 2}
  m_StaticBatchInfo:
    firstSubMesh: 0
    subMeshCount: 0
  m_StaticBatchRoot: {fileID: 0}
  m_ProbeAnchor: {fileID: 0}
  m_LightProbeVolumeOverride: {fileID: 0}
  m_ScaleInLightmap: 1
  m_ReceiveGI: 1
  m_PreserveUVs: 0
  m_IgnoreNormalsForChartDetection: 0
  m_ImportantGI: 0
  m_StitchLightmapSeams: 1
  m_SelectedEditorRenderState: 3
  m_MinimumChartSize: 4
  m_AutoUVMaxDistance: 0.5
  m_AutoUVMaxAngle: 89
  m_LightmapParameters: {fileID: 0}
  m_SortingLayerID: 0
  m_SortingLayer: 0
  m_SortingOrder: 0
  serializedVersion: 2
  m_Quality: 0
  m_UpdateWhenOffscreen: 0
  m_SkinnedMotionVectors: 1
  m_Mesh: {fileID: -3704297572609582855, guid: 82426a50bc3decb46b87cf7aaf11eada, type: 3}
  m_Bones:
  - {fileID: 129911888678124448}
  - {fileID: 3594001854958733801}
  - {fileID: 5395350246294724984}
  - {fileID: 8182877981145265279}
  - {fileID: 4887184626370255761}
  - {fileID: 5677994457451306169}
  - {fileID: 4771778981857724217}
  - {fileID: 8673286573321951209}
  - {fileID: 53142934413348845}
  - {fileID: 54285806027592514}
  - {fileID: 8936699992166635539}
  - {fileID: 3293614194549829123}
  - {fileID: 1188589942484996857}
  - {fileID: 3309510750737893546}
  - {fileID: 1502789849961943634}
  - {fileID: 4476388135869905245}
  - {fileID: 1264460257333175792}
  - {fileID: 4922032232302364402}
  - {fileID: 2717151187132112015}
  - {fileID: 231159017731576342}
  - {fileID: 1470231054893245178}
  - {fileID: 3571074655613457021}
  - {fileID: 6101876588231868482}
  - {fileID: 6705138450548420796}
  - {fileID: 4196133150287397468}
  - {fileID: 4709237793114221924}
  - {fileID: 8785894083469884210}
  - {fileID: 8582196477542053557}
  - {fileID: 7212909560472617156}
  - {fileID: 7367914810657202235}
  - {fileID: 6877909408174840925}
  - {fileID: 4773637949533637678}
  - {fileID: 579629414247493460}
  - {fileID: 3174334532310289612}
  - {fileID: 7429443726977511327}
  - {fileID: 914830157341878578}
  - {fileID: 2521248821921195103}
  - {fileID: 1171358127946316978}
  - {fileID: 7049627763866536338}
  - {fileID: 6673695593009909701}
  - {fileID: 323546052285181719}
  - {fileID: 2135460629158900405}
  - {fileID: 1887243690685341442}
  - {fileID: 258307196661576321}
  - {fileID: 7905951699040075044}
  - {fileID: 1386505722016966204}
  - {fileID: 5842780213113023022}
  - {fileID: 804123733305056141}
  - {fileID: 4522443655863301337}
  - {fileID: 6958968699121087791}
  - {fileID: 1306290017127179008}
  - {fileID: 2474279944431747951}
  - {fileID: 6805513666721517630}
  - {fileID: 3672511367569120932}
  - {fileID: 2340575719090408176}
  - {fileID: 1572921661497995422}
  - {fileID: 8166991659470880691}
  - {fileID: 5186978876254019789}
  - {fileID: 4988644530075106827}
  - {fileID: 3841789538016931742}
  - {fileID: 7843154372883665565}
  - {fileID: 8895844404140555844}
  - {fileID: 4730255737333474848}
  - {fileID: 7719100396188531615}
  - {fileID: 1424634928475380144}
  - {fileID: 987042743503055050}
  - {fileID: 6490129441136263804}
  - {fileID: 7391060189680553770}
  - {fileID: 6590098664807516938}
  - {fileID: 4406512071288196403}
  - {fileID: 4682617732134651407}
  - {fileID: 6381527463834686090}
  - {fileID: 4884044025675160249}
  - {fileID: 168239753901687651}
  - {fileID: 7675871918615163100}
  - {fileID: 5520332627747267320}
  - {fileID: 2853688251527876692}
  m_BlendShapeWeights: []
  m_RootBone: {fileID: 129911888678124448}
  m_AABB:
    m_Center: {x: -0.00000014156103, y: 0.58262295, z: 0.20194829}
    m_Extent: {x: 0.099696055, y: 0.060015857, z: 0.044511735}
  m_DirtyAABB: 0
--- !u!1 &2374609825294666236
GameObject:
  m_ObjectHideFlags: 0
  m_CorrespondingSourceObject: {fileID: 0}
  m_PrefabInstance: {fileID: 0}
  m_PrefabAsset: {fileID: 0}
  serializedVersion: 6
  m_Component:
  - component: {fileID: 6490129441136263804}
  m_Layer: 0
  m_Name: RightUpArmTwist
  m_TagString: Untagged
  m_Icon: {fileID: 0}
  m_NavMeshLayer: 0
  m_StaticEditorFlags: 0
  m_IsActive: 1
--- !u!4 &6490129441136263804
Transform:
  m_ObjectHideFlags: 0
  m_CorrespondingSourceObject: {fileID: 0}
  m_PrefabInstance: {fileID: 0}
  m_PrefabAsset: {fileID: 0}
  m_GameObject: {fileID: 2374609825294666236}
  m_LocalRotation: {x: 0, y: -0, z: -0, w: 1}
  m_LocalPosition: {x: 0.10618289, y: -0.0011030751, z: -0.0066563752}
  m_LocalScale: {x: 1, y: 1, z: 1}
  m_Children: []
  m_Father: {fileID: 804123733305056141}
  m_RootOrder: 2
  m_LocalEulerAnglesHint: {x: 0, y: 0, z: 0}
--- !u!1 &2402199767690450472
GameObject:
  m_ObjectHideFlags: 0
  m_CorrespondingSourceObject: {fileID: 0}
  m_PrefabInstance: {fileID: 0}
  m_PrefabAsset: {fileID: 0}
  serializedVersion: 6
  m_Component:
  - component: {fileID: 3682516676201837012}
  m_Layer: 0
  m_Name: Girl01FacialAnim_Joint
  m_TagString: Untagged
  m_Icon: {fileID: 0}
  m_NavMeshLayer: 0
  m_StaticEditorFlags: 0
  m_IsActive: 1
--- !u!4 &3682516676201837012
Transform:
  m_ObjectHideFlags: 0
  m_CorrespondingSourceObject: {fileID: 0}
  m_PrefabInstance: {fileID: 0}
  m_PrefabAsset: {fileID: 0}
  m_GameObject: {fileID: 2402199767690450472}
  m_LocalRotation: {x: 0, y: -0, z: -0, w: 1}
  m_LocalPosition: {x: -0.01, y: -0.8423016, z: -0.015509221}
  m_LocalScale: {x: 1, y: 1, z: 1}
  m_Children: []
  m_Father: {fileID: 129911888678124448}
  m_RootOrder: 0
  m_LocalEulerAnglesHint: {x: 0, y: 0, z: 0}
--- !u!1 &2466758951182380681
GameObject:
  m_ObjectHideFlags: 0
  m_CorrespondingSourceObject: {fileID: 0}
  m_PrefabInstance: {fileID: 0}
  m_PrefabAsset: {fileID: 0}
  serializedVersion: 6
  m_Component:
  - component: {fileID: 8673286573321951209}
  m_Layer: 0
  m_Name: RightLeg
  m_TagString: Untagged
  m_Icon: {fileID: 0}
  m_NavMeshLayer: 0
  m_StaticEditorFlags: 0
  m_IsActive: 1
--- !u!4 &8673286573321951209
Transform:
  m_ObjectHideFlags: 0
  m_CorrespondingSourceObject: {fileID: 0}
  m_PrefabInstance: {fileID: 0}
  m_PrefabAsset: {fileID: 0}
  m_GameObject: {fileID: 2466758951182380681}
  m_LocalRotation: {x: 0.00069378066, y: 0.000004390379, z: -0.00000005517034, w: 0.99999976}
  m_LocalPosition: {x: 0.0031804647, y: -0.32385176, z: 0.00037977187}
  m_LocalScale: {x: 1, y: 1, z: 1}
  m_Children:
  - {fileID: 53142934413348845}
  m_Father: {fileID: 4771778981857724217}
  m_RootOrder: 0
  m_LocalEulerAnglesHint: {x: 0, y: 0, z: 0}
--- !u!1 &2480879657430166507
GameObject:
  m_ObjectHideFlags: 0
  m_CorrespondingSourceObject: {fileID: 0}
  m_PrefabInstance: {fileID: 0}
  m_PrefabAsset: {fileID: 0}
  serializedVersion: 6
  m_Component:
  - component: {fileID: 2521248821921195103}
  m_Layer: 0
  m_Name: LeftHandMiddle3
  m_TagString: Untagged
  m_Icon: {fileID: 0}
  m_NavMeshLayer: 0
  m_StaticEditorFlags: 0
  m_IsActive: 1
--- !u!4 &2521248821921195103
Transform:
  m_ObjectHideFlags: 0
  m_CorrespondingSourceObject: {fileID: 0}
  m_PrefabInstance: {fileID: 0}
  m_PrefabAsset: {fileID: 0}
  m_GameObject: {fileID: 2480879657430166507}
  m_LocalRotation: {x: 0, y: -0, z: -0, w: 1}
  m_LocalPosition: {x: -0.030945493, y: -0.011502246, z: -0.0026758797}
  m_LocalScale: {x: 1, y: 1, z: 1}
  m_Children: []
  m_Father: {fileID: 914830157341878578}
  m_RootOrder: 0
  m_LocalEulerAnglesHint: {x: 0, y: 0, z: 0}
--- !u!1 &2522163473227212543
GameObject:
  m_ObjectHideFlags: 0
  m_CorrespondingSourceObject: {fileID: 0}
  m_PrefabInstance: {fileID: 0}
  m_PrefabAsset: {fileID: 0}
  serializedVersion: 6
  m_Component:
  - component: {fileID: 4988644530075106827}
  m_Layer: 0
  m_Name: RightHandMiddle3
  m_TagString: Untagged
  m_Icon: {fileID: 0}
  m_NavMeshLayer: 0
  m_StaticEditorFlags: 0
  m_IsActive: 1
--- !u!4 &4988644530075106827
Transform:
  m_ObjectHideFlags: 0
  m_CorrespondingSourceObject: {fileID: 0}
  m_PrefabInstance: {fileID: 0}
  m_PrefabAsset: {fileID: 0}
  m_GameObject: {fileID: 2522163473227212543}
  m_LocalRotation: {x: 0, y: -0, z: -0, w: 1}
  m_LocalPosition: {x: 0.030945493, y: -0.011502248, z: -0.0026758797}
  m_LocalScale: {x: 1, y: 1, z: 1}
  m_Children: []
  m_Father: {fileID: 5186978876254019789}
  m_RootOrder: 0
  m_LocalEulerAnglesHint: {x: 0, y: 0, z: 0}
--- !u!1 &2804079118564253217
GameObject:
  m_ObjectHideFlags: 0
  m_CorrespondingSourceObject: {fileID: 0}
  m_PrefabInstance: {fileID: 0}
  m_PrefabAsset: {fileID: 0}
  serializedVersion: 6
  m_Component:
  - component: {fileID: 2717151187132112015}
  m_Layer: 0
  m_Name: HairB
  m_TagString: Untagged
  m_Icon: {fileID: 0}
  m_NavMeshLayer: 0
  m_StaticEditorFlags: 0
  m_IsActive: 1
--- !u!4 &2717151187132112015
Transform:
  m_ObjectHideFlags: 0
  m_CorrespondingSourceObject: {fileID: 0}
  m_PrefabInstance: {fileID: 0}
  m_PrefabAsset: {fileID: 0}
  m_GameObject: {fileID: 2804079118564253217}
  m_LocalRotation: {x: 0, y: -0, z: -0, w: 1}
  m_LocalPosition: {x: 0.06414162, y: 0.28763577, z: 0.2170206}
  m_LocalScale: {x: 1, y: 1, z: 1}
  m_Children: []
  m_Father: {fileID: 1502789849961943634}
  m_RootOrder: 3
  m_LocalEulerAnglesHint: {x: 0, y: 0, z: 0}
--- !u!1 &3371053806496402943
GameObject:
  m_ObjectHideFlags: 0
  m_CorrespondingSourceObject: {fileID: 0}
  m_PrefabInstance: {fileID: 0}
  m_PrefabAsset: {fileID: 0}
  serializedVersion: 6
  m_Component:
  - component: {fileID: 4762616483792592391}
  - component: {fileID: 5481206647565189720}
  m_Layer: 0
  m_Name: Girl_Body_Geo
  m_TagString: Untagged
  m_Icon: {fileID: 0}
  m_NavMeshLayer: 0
  m_StaticEditorFlags: 0
  m_IsActive: 1
--- !u!4 &4762616483792592391
Transform:
  m_ObjectHideFlags: 0
  m_CorrespondingSourceObject: {fileID: 0}
  m_PrefabInstance: {fileID: 0}
  m_PrefabAsset: {fileID: 0}
  m_GameObject: {fileID: 3371053806496402943}
  m_LocalRotation: {x: 0, y: -0, z: -0, w: 1}
  m_LocalPosition: {x: -0, y: 0, z: 0}
  m_LocalScale: {x: 1, y: 1, z: 1}
  m_Children: []
  m_Father: {fileID: 123122769162026153}
  m_RootOrder: 0
  m_LocalEulerAnglesHint: {x: 0, y: 0, z: 0}
--- !u!137 &5481206647565189720
SkinnedMeshRenderer:
  m_ObjectHideFlags: 0
  m_CorrespondingSourceObject: {fileID: 0}
  m_PrefabInstance: {fileID: 0}
  m_PrefabAsset: {fileID: 0}
  m_GameObject: {fileID: 3371053806496402943}
  m_Enabled: 1
  m_CastShadows: 1
  m_ReceiveShadows: 1
  m_DynamicOccludee: 1
  m_MotionVectors: 1
  m_LightProbeUsage: 1
  m_ReflectionProbeUsage: 1
  m_RayTracingMode: 0
  m_RenderingLayerMask: 1
  m_RendererPriority: 0
  m_Materials:
  - {fileID: 2100000, guid: f14f78644b920b24fbd27c8bede50b85, type: 2}
  m_StaticBatchInfo:
    firstSubMesh: 0
    subMeshCount: 0
  m_StaticBatchRoot: {fileID: 0}
  m_ProbeAnchor: {fileID: 0}
  m_LightProbeVolumeOverride: {fileID: 0}
  m_ScaleInLightmap: 1
  m_ReceiveGI: 1
  m_PreserveUVs: 0
  m_IgnoreNormalsForChartDetection: 0
  m_ImportantGI: 0
  m_StitchLightmapSeams: 1
  m_SelectedEditorRenderState: 3
  m_MinimumChartSize: 4
  m_AutoUVMaxDistance: 0.5
  m_AutoUVMaxAngle: 89
  m_LightmapParameters: {fileID: 0}
  m_SortingLayerID: 0
  m_SortingLayer: 0
  m_SortingOrder: 0
  serializedVersion: 2
  m_Quality: 0
  m_UpdateWhenOffscreen: 0
  m_SkinnedMotionVectors: 1
  m_Mesh: {fileID: -7253040138397904621, guid: 82426a50bc3decb46b87cf7aaf11eada, type: 3}
  m_Bones:
  - {fileID: 3594001854958733801}
  - {fileID: 5395350246294724984}
  - {fileID: 8182877981145265279}
  - {fileID: 4887184626370255761}
  - {fileID: 5677994457451306169}
  - {fileID: 4771778981857724217}
  - {fileID: 8673286573321951209}
  - {fileID: 53142934413348845}
  - {fileID: 54285806027592514}
  - {fileID: 8936699992166635539}
  - {fileID: 3293614194549829123}
  - {fileID: 1188589942484996857}
  - {fileID: 3309510750737893546}
  - {fileID: 1502789849961943634}
  - {fileID: 4476388135869905245}
  - {fileID: 1264460257333175792}
  - {fileID: 4922032232302364402}
  - {fileID: 2717151187132112015}
  - {fileID: 231159017731576342}
  - {fileID: 1470231054893245178}
  - {fileID: 3571074655613457021}
  - {fileID: 6101876588231868482}
  - {fileID: 6705138450548420796}
  - {fileID: 4196133150287397468}
  - {fileID: 8785894083469884210}
  - {fileID: 8582196477542053557}
  - {fileID: 7212909560472617156}
  - {fileID: 7367914810657202235}
  - {fileID: 6877909408174840925}
  - {fileID: 4773637949533637678}
  - {fileID: 579629414247493460}
  - {fileID: 3174334532310289612}
  - {fileID: 7429443726977511327}
  - {fileID: 914830157341878578}
  - {fileID: 2521248821921195103}
  - {fileID: 1171358127946316978}
  - {fileID: 7049627763866536338}
  - {fileID: 6673695593009909701}
  - {fileID: 323546052285181719}
  - {fileID: 2135460629158900405}
  - {fileID: 1887243690685341442}
  - {fileID: 258307196661576321}
  - {fileID: 7905951699040075044}
  - {fileID: 1386505722016966204}
  - {fileID: 5842780213113023022}
  - {fileID: 4522443655863301337}
  - {fileID: 6958968699121087791}
  - {fileID: 1306290017127179008}
  - {fileID: 2474279944431747951}
  - {fileID: 6805513666721517630}
  - {fileID: 3672511367569120932}
  - {fileID: 2340575719090408176}
  - {fileID: 1572921661497995422}
  - {fileID: 8166991659470880691}
  - {fileID: 5186978876254019789}
  - {fileID: 4988644530075106827}
  - {fileID: 3841789538016931742}
  - {fileID: 7843154372883665565}
  - {fileID: 8895844404140555844}
  - {fileID: 4730255737333474848}
  - {fileID: 7719100396188531615}
  - {fileID: 1424634928475380144}
  - {fileID: 987042743503055050}
  - {fileID: 6490129441136263804}
  - {fileID: 7391060189680553770}
  - {fileID: 6590098664807516938}
  - {fileID: 4406512071288196403}
  - {fileID: 4682617732134651407}
  - {fileID: 6381527463834686090}
  - {fileID: 4884044025675160249}
  - {fileID: 168239753901687651}
  - {fileID: 7675871918615163100}
  - {fileID: 5520332627747267320}
  - {fileID: 2853688251527876692}
  m_BlendShapeWeights: []
  m_RootBone: {fileID: 8936699992166635539}
  m_AABB:
    m_Center: {x: -0.00000029802322, y: -0.030243635, z: -0.07599756}
    m_Extent: {x: 0.7901136, y: 0.9051156, z: 0.33887056}
  m_DirtyAABB: 0
--- !u!1 &3619659908059913877
GameObject:
  m_ObjectHideFlags: 0
  m_CorrespondingSourceObject: {fileID: 0}
  m_PrefabInstance: {fileID: 0}
  m_PrefabAsset: {fileID: 0}
  serializedVersion: 6
  m_Component:
  - component: {fileID: 1188589942484996857}
  m_Layer: 0
  m_Name: Spine2
  m_TagString: Untagged
  m_Icon: {fileID: 0}
  m_NavMeshLayer: 0
  m_StaticEditorFlags: 0
  m_IsActive: 1
--- !u!4 &1188589942484996857
Transform:
  m_ObjectHideFlags: 0
  m_CorrespondingSourceObject: {fileID: 0}
  m_PrefabInstance: {fileID: 0}
  m_PrefabAsset: {fileID: 0}
  m_GameObject: {fileID: 3619659908059913877}
  m_LocalRotation: {x: 0, y: -0, z: -4.5130725e-36, w: 1}
  m_LocalPosition: {x: 1.1898704e-12, y: 0.07482379, z: -0.0049123964}
  m_LocalScale: {x: 1, y: 1, z: 1}
  m_Children:
  - {fileID: 6590098664807516938}
  - {fileID: 4196133150287397468}
  - {fileID: 3309510750737893546}
  - {fileID: 4406512071288196403}
  - {fileID: 5842780213113023022}
  m_Father: {fileID: 3293614194549829123}
  m_RootOrder: 0
  m_LocalEulerAnglesHint: {x: 0, y: 0, z: 0}
--- !u!1 &3739880688508666118
GameObject:
  m_ObjectHideFlags: 0
  m_CorrespondingSourceObject: {fileID: 0}
  m_PrefabInstance: {fileID: 0}
  m_PrefabAsset: {fileID: 0}
  serializedVersion: 6
  m_Component:
  - component: {fileID: 4522443655863301337}
  m_Layer: 0
  m_Name: RightForeArm
  m_TagString: Untagged
  m_Icon: {fileID: 0}
  m_NavMeshLayer: 0
  m_StaticEditorFlags: 0
  m_IsActive: 1
--- !u!4 &4522443655863301337
Transform:
  m_ObjectHideFlags: 0
  m_CorrespondingSourceObject: {fileID: 0}
  m_PrefabInstance: {fileID: 0}
  m_PrefabAsset: {fileID: 0}
  m_GameObject: {fileID: 3739880688508666118}
  m_LocalRotation: {x: -0.000000059528993, y: 0.012207422, z: 0.0000000030020737,
    w: 0.9999255}
  m_LocalPosition: {x: 0.21238874, y: -2.8391725e-11, z: -0.013312034}
  m_LocalScale: {x: 1, y: 1, z: 1}
  m_Children:
  - {fileID: 6958968699121087791}
  - {fileID: 987042743503055050}
  m_Father: {fileID: 804123733305056141}
  m_RootOrder: 0
  m_LocalEulerAnglesHint: {x: 0, y: 0, z: 0}
--- !u!1 &3855783740041550744
GameObject:
  m_ObjectHideFlags: 0
  m_CorrespondingSourceObject: {fileID: 0}
  m_PrefabInstance: {fileID: 0}
  m_PrefabAsset: {fileID: 0}
  serializedVersion: 6
  m_Component:
  - component: {fileID: 7049627763866536338}
  m_Layer: 0
  m_Name: LeftHandRing2
  m_TagString: Untagged
  m_Icon: {fileID: 0}
  m_NavMeshLayer: 0
  m_StaticEditorFlags: 0
  m_IsActive: 1
--- !u!4 &7049627763866536338
Transform:
  m_ObjectHideFlags: 0
  m_CorrespondingSourceObject: {fileID: 0}
  m_PrefabInstance: {fileID: 0}
  m_PrefabAsset: {fileID: 0}
  m_GameObject: {fileID: 3855783740041550744}
  m_LocalRotation: {x: -0.002461915, y: 0.013599332, z: -0.03429259, w: 0.9993163}
  m_LocalPosition: {x: -0.02881339, y: -0.009928569, z: -0.0018692749}
  m_LocalScale: {x: 1, y: 1, z: 1}
  m_Children:
  - {fileID: 6673695593009909701}
  m_Father: {fileID: 1171358127946316978}
  m_RootOrder: 0
  m_LocalEulerAnglesHint: {x: 0, y: 0, z: 0}
--- !u!1 &4252941572616643124
GameObject:
  m_ObjectHideFlags: 0
  m_CorrespondingSourceObject: {fileID: 0}
  m_PrefabInstance: {fileID: 0}
  m_PrefabAsset: {fileID: 0}
  serializedVersion: 6
  m_Component:
  - component: {fileID: 7905951699040075044}
  m_Layer: 0
  m_Name: LeftUpArmTwist
  m_TagString: Untagged
  m_Icon: {fileID: 0}
  m_NavMeshLayer: 0
  m_StaticEditorFlags: 0
  m_IsActive: 1
--- !u!4 &7905951699040075044
Transform:
  m_ObjectHideFlags: 0
  m_CorrespondingSourceObject: {fileID: 0}
  m_PrefabInstance: {fileID: 0}
  m_PrefabAsset: {fileID: 0}
  m_GameObject: {fileID: 4252941572616643124}
  m_LocalRotation: {x: 0, y: -0, z: -0, w: 1}
  m_LocalPosition: {x: -0.10619436, y: -9.947598e-16, z: -0.0066560167}
  m_LocalScale: {x: 1, y: 1, z: 1}
  m_Children: []
  m_Father: {fileID: 4709237793114221924}
  m_RootOrder: 2
  m_LocalEulerAnglesHint: {x: 0, y: 0, z: 0}
--- !u!1 &4257689198682039809
GameObject:
  m_ObjectHideFlags: 0
  m_CorrespondingSourceObject: {fileID: 0}
  m_PrefabInstance: {fileID: 0}
  m_PrefabAsset: {fileID: 0}
  serializedVersion: 6
  m_Component:
  - component: {fileID: 1424634928475380144}
  m_Layer: 0
  m_Name: RightHandPinky3
  m_TagString: Untagged
  m_Icon: {fileID: 0}
  m_NavMeshLayer: 0
  m_StaticEditorFlags: 0
  m_IsActive: 1
--- !u!4 &1424634928475380144
Transform:
  m_ObjectHideFlags: 0
  m_CorrespondingSourceObject: {fileID: 0}
  m_PrefabInstance: {fileID: 0}
  m_PrefabAsset: {fileID: 0}
  m_GameObject: {fileID: 4257689198682039809}
  m_LocalRotation: {x: 0, y: -0, z: -0, w: 1}
  m_LocalPosition: {x: 0.027245726, y: -0.008436144, z: -0.0025268465}
  m_LocalScale: {x: 1, y: 1, z: 1}
  m_Children: []
  m_Father: {fileID: 7719100396188531615}
  m_RootOrder: 0
  m_LocalEulerAnglesHint: {x: 0, y: 0, z: 0}
--- !u!1 &4275647486821416585
GameObject:
  m_ObjectHideFlags: 0
  m_CorrespondingSourceObject: {fileID: 0}
  m_PrefabInstance: {fileID: 0}
  m_PrefabAsset: {fileID: 0}
  serializedVersion: 6
  m_Component:
  - component: {fileID: 3672511367569120932}
  m_Layer: 0
  m_Name: RightHandIndex1
  m_TagString: Untagged
  m_Icon: {fileID: 0}
  m_NavMeshLayer: 0
  m_StaticEditorFlags: 0
  m_IsActive: 1
--- !u!4 &3672511367569120932
Transform:
  m_ObjectHideFlags: 0
  m_CorrespondingSourceObject: {fileID: 0}
  m_PrefabInstance: {fileID: 0}
  m_PrefabAsset: {fileID: 0}
  m_GameObject: {fileID: 4275647486821416585}
  m_LocalRotation: {x: 0.006585795, y: 0.014920025, z: 0.0884269, w: 0.99594915}
  m_LocalPosition: {x: 0.121407084, y: -0.00082788843, z: 0.028933462}
  m_LocalScale: {x: 1, y: 1, z: 1}
  m_Children:
  - {fileID: 2340575719090408176}
  m_Father: {fileID: 6958968699121087791}
  m_RootOrder: 0
  m_LocalEulerAnglesHint: {x: 0, y: 0, z: 0}
--- !u!1 &4277499987098067626
GameObject:
  m_ObjectHideFlags: 0
  m_CorrespondingSourceObject: {fileID: 0}
  m_PrefabInstance: {fileID: 0}
  m_PrefabAsset: {fileID: 0}
  serializedVersion: 6
  m_Component:
  - component: {fileID: 804123733305056141}
  m_Layer: 0
  m_Name: RightArm
  m_TagString: Untagged
  m_Icon: {fileID: 0}
  m_NavMeshLayer: 0
  m_StaticEditorFlags: 0
  m_IsActive: 1
--- !u!4 &804123733305056141
Transform:
  m_ObjectHideFlags: 0
  m_CorrespondingSourceObject: {fileID: 0}
  m_PrefabInstance: {fileID: 0}
  m_PrefabAsset: {fileID: 0}
  m_GameObject: {fileID: 4277499987098067626}
  m_LocalRotation: {x: 0.000000016292756, y: -0.03129267, z: 0.000000044215295, w: 0.9995103}
  m_LocalPosition: {x: 0.085271165, y: -0.0025078557, z: -0.017092818}
  m_LocalScale: {x: 1, y: 1, z: 1}
  m_Children:
  - {fileID: 4522443655863301337}
  - {fileID: 7391060189680553770}
  - {fileID: 6490129441136263804}
  m_Father: {fileID: 5842780213113023022}
  m_RootOrder: 0
  m_LocalEulerAnglesHint: {x: 0, y: 0, z: 0}
--- !u!1 &5011346626848615858
GameObject:
  m_ObjectHideFlags: 0
  m_CorrespondingSourceObject: {fileID: 0}
  m_PrefabInstance: {fileID: 0}
  m_PrefabAsset: {fileID: 0}
  serializedVersion: 6
  m_Component:
  - component: {fileID: 231159017731576342}
  m_Layer: 0
  m_Name: HairC
  m_TagString: Untagged
  m_Icon: {fileID: 0}
  m_NavMeshLayer: 0
  m_StaticEditorFlags: 0
  m_IsActive: 1
--- !u!4 &231159017731576342
Transform:
  m_ObjectHideFlags: 0
  m_CorrespondingSourceObject: {fileID: 0}
  m_PrefabInstance: {fileID: 0}
  m_PrefabAsset: {fileID: 0}
  m_GameObject: {fileID: 5011346626848615858}
  m_LocalRotation: {x: 0, y: -0, z: -0, w: 1}
  m_LocalPosition: {x: -0.025259158, y: 0.3195164, z: 0.20602353}
  m_LocalScale: {x: 1, y: 1, z: 1}
  m_Children:
  - {fileID: 1470231054893245178}
  m_Father: {fileID: 1502789849961943634}
  m_RootOrder: 4
  m_LocalEulerAnglesHint: {x: 0, y: 0, z: 0}
--- !u!1 &5203084225656411147
GameObject:
  m_ObjectHideFlags: 0
  m_CorrespondingSourceObject: {fileID: 0}
  m_PrefabInstance: {fileID: 0}
  m_PrefabAsset: {fileID: 0}
  serializedVersion: 6
  m_Component:
  - component: {fileID: 54285806027592514}
  m_Layer: 0
  m_Name: RightToeBase
  m_TagString: Untagged
  m_Icon: {fileID: 0}
  m_NavMeshLayer: 0
  m_StaticEditorFlags: 0
  m_IsActive: 1
--- !u!4 &54285806027592514
Transform:
  m_ObjectHideFlags: 0
  m_CorrespondingSourceObject: {fileID: 0}
  m_PrefabInstance: {fileID: 0}
  m_PrefabAsset: {fileID: 0}
  m_GameObject: {fileID: 5203084225656411147}
  m_LocalRotation: {x: 0, y: -0, z: -0, w: 1}
  m_LocalPosition: {x: 0.011837693, y: -0.0985365, z: 0.10917882}
  m_LocalScale: {x: 1, y: 1, z: 1}
  m_Children: []
  m_Father: {fileID: 53142934413348845}
  m_RootOrder: 0
  m_LocalEulerAnglesHint: {x: 0, y: 0, z: 0}
--- !u!1 &5242409316877008008
GameObject:
  m_ObjectHideFlags: 0
  m_CorrespondingSourceObject: {fileID: 0}
  m_PrefabInstance: {fileID: 0}
  m_PrefabAsset: {fileID: 0}
  serializedVersion: 6
  m_Component:
  - component: {fileID: 1502789849961943634}
  m_Layer: 0
  m_Name: Head
  m_TagString: Untagged
  m_Icon: {fileID: 0}
  m_NavMeshLayer: 0
  m_StaticEditorFlags: 0
  m_IsActive: 1
--- !u!4 &1502789849961943634
Transform:
  m_ObjectHideFlags: 0
  m_CorrespondingSourceObject: {fileID: 0}
  m_PrefabInstance: {fileID: 0}
  m_PrefabAsset: {fileID: 0}
  m_GameObject: {fileID: 5242409316877008008}
  m_LocalRotation: {x: 0, y: -0, z: -2.3156862e-36, w: 1}
  m_LocalPosition: {x: 4.190931e-11, y: 0.08913815, z: 0.010340211}
  m_LocalScale: {x: 1, y: 1, z: 1}
  m_Children:
  - {fileID: 4476388135869905245}
  - {fileID: 1264460257333175792}
  - {fileID: 4922032232302364402}
  - {fileID: 2717151187132112015}
  - {fileID: 231159017731576342}
  - {fileID: 3571074655613457021}
  m_Father: {fileID: 3309510750737893546}
  m_RootOrder: 0
  m_LocalEulerAnglesHint: {x: 0, y: 0, z: 0}
--- !u!1 &5288164371431663825
GameObject:
  m_ObjectHideFlags: 0
  m_CorrespondingSourceObject: {fileID: 0}
  m_PrefabInstance: {fileID: 0}
  m_PrefabAsset: {fileID: 0}
  serializedVersion: 6
  m_Component:
  - component: {fileID: 5520332627747267320}
  m_Layer: 0
  m_Name: SkirtB
  m_TagString: Untagged
  m_Icon: {fileID: 0}
  m_NavMeshLayer: 0
  m_StaticEditorFlags: 0
  m_IsActive: 1
--- !u!4 &5520332627747267320
Transform:
  m_ObjectHideFlags: 0
  m_CorrespondingSourceObject: {fileID: 0}
  m_PrefabInstance: {fileID: 0}
  m_PrefabAsset: {fileID: 0}
  m_GameObject: {fileID: 5288164371431663825}
  m_LocalRotation: {x: 0, y: -0, z: -0, w: 1}
  m_LocalPosition: {x: -0, y: 0.043358047, z: -0.1569202}
  m_LocalScale: {x: 1, y: 1, z: 1}
  m_Children:
  - {fileID: 2853688251527876692}
  m_Father: {fileID: 129911888678124448}
  m_RootOrder: 3
  m_LocalEulerAnglesHint: {x: 0, y: 0, z: 0}
--- !u!1 &5324911165070802953
GameObject:
  m_ObjectHideFlags: 0
  m_CorrespondingSourceObject: {fileID: 0}
  m_PrefabInstance: {fileID: 0}
  m_PrefabAsset: {fileID: 0}
  serializedVersion: 6
  m_Component:
  - component: {fileID: 6101876588231868482}
  m_Layer: 0
  m_Name: Ponytail1
  m_TagString: Untagged
  m_Icon: {fileID: 0}
  m_NavMeshLayer: 0
  m_StaticEditorFlags: 0
  m_IsActive: 1
--- !u!4 &6101876588231868482
Transform:
  m_ObjectHideFlags: 0
  m_CorrespondingSourceObject: {fileID: 0}
  m_PrefabInstance: {fileID: 0}
  m_PrefabAsset: {fileID: 0}
  m_GameObject: {fileID: 5324911165070802953}
  m_LocalRotation: {x: 0, y: -0, z: -0, w: 1}
  m_LocalPosition: {x: 0.006521139, y: 0.02580809, z: -0.073516704}
  m_LocalScale: {x: 1, y: 1, z: 1}
  m_Children:
  - {fileID: 6705138450548420796}
  m_Father: {fileID: 3571074655613457021}
  m_RootOrder: 0
  m_LocalEulerAnglesHint: {x: 0, y: 0, z: 0}
--- !u!1 &5447448624324543503
GameObject:
  m_ObjectHideFlags: 0
  m_CorrespondingSourceObject: {fileID: 0}
  m_PrefabInstance: {fileID: 0}
  m_PrefabAsset: {fileID: 0}
  serializedVersion: 6
  m_Component:
  - component: {fileID: 5677994457451306169}
  m_Layer: 0
  m_Name: LeftToeBase
  m_TagString: Untagged
  m_Icon: {fileID: 0}
  m_NavMeshLayer: 0
  m_StaticEditorFlags: 0
  m_IsActive: 1
--- !u!4 &5677994457451306169
Transform:
  m_ObjectHideFlags: 0
  m_CorrespondingSourceObject: {fileID: 0}
  m_PrefabInstance: {fileID: 0}
  m_PrefabAsset: {fileID: 0}
  m_GameObject: {fileID: 5447448624324543503}
  m_LocalRotation: {x: 0, y: -0, z: -0, w: 1}
  m_LocalPosition: {x: -0.011837693, y: -0.0985365, z: 0.10917882}
  m_LocalScale: {x: 1, y: 1, z: 1}
  m_Children: []
  m_Father: {fileID: 4887184626370255761}
  m_RootOrder: 0
  m_LocalEulerAnglesHint: {x: 0, y: 0, z: 0}
--- !u!1 &5516266118910212336
GameObject:
  m_ObjectHideFlags: 0
  m_CorrespondingSourceObject: {fileID: 0}
  m_PrefabInstance: {fileID: 0}
  m_PrefabAsset: {fileID: 0}
  serializedVersion: 6
  m_Component:
  - component: {fileID: 6089719641491678041}
  - component: {fileID: 7646080065181566305}
  m_Layer: 0
  m_Name: Girl_Brows_Geo
  m_TagString: Untagged
  m_Icon: {fileID: 0}
  m_NavMeshLayer: 0
  m_StaticEditorFlags: 0
  m_IsActive: 1
--- !u!4 &6089719641491678041
Transform:
  m_ObjectHideFlags: 0
  m_CorrespondingSourceObject: {fileID: 0}
  m_PrefabInstance: {fileID: 0}
  m_PrefabAsset: {fileID: 0}
  m_GameObject: {fileID: 5516266118910212336}
  m_LocalRotation: {x: 0, y: -0, z: -0, w: 1}
  m_LocalPosition: {x: -0, y: 0, z: 0}
  m_LocalScale: {x: 1, y: 1, z: 1}
  m_Children: []
  m_Father: {fileID: 123122769162026153}
  m_RootOrder: 1
  m_LocalEulerAnglesHint: {x: 0, y: 0, z: 0}
--- !u!137 &7646080065181566305
SkinnedMeshRenderer:
  m_ObjectHideFlags: 0
  m_CorrespondingSourceObject: {fileID: 0}
  m_PrefabInstance: {fileID: 0}
  m_PrefabAsset: {fileID: 0}
  m_GameObject: {fileID: 5516266118910212336}
  m_Enabled: 1
  m_CastShadows: 1
  m_ReceiveShadows: 1
  m_DynamicOccludee: 1
  m_MotionVectors: 1
  m_LightProbeUsage: 1
  m_ReflectionProbeUsage: 1
  m_RayTracingMode: 0
  m_RenderingLayerMask: 1
  m_RendererPriority: 0
  m_Materials:
  - {fileID: 2100000, guid: 10e2b11f8b48e1a46a47fe488f14ea66, type: 2}
  m_StaticBatchInfo:
    firstSubMesh: 0
    subMeshCount: 0
  m_StaticBatchRoot: {fileID: 0}
  m_ProbeAnchor: {fileID: 0}
  m_LightProbeVolumeOverride: {fileID: 0}
  m_ScaleInLightmap: 1
  m_ReceiveGI: 1
  m_PreserveUVs: 0
  m_IgnoreNormalsForChartDetection: 0
  m_ImportantGI: 0
  m_StitchLightmapSeams: 1
  m_SelectedEditorRenderState: 3
  m_MinimumChartSize: 4
  m_AutoUVMaxDistance: 0.5
  m_AutoUVMaxAngle: 89
  m_LightmapParameters: {fileID: 0}
  m_SortingLayerID: 0
  m_SortingLayer: 0
  m_SortingOrder: 0
  serializedVersion: 2
  m_Quality: 0
  m_UpdateWhenOffscreen: 0
  m_SkinnedMotionVectors: 1
  m_Mesh: {fileID: 6297260656710479380, guid: 82426a50bc3decb46b87cf7aaf11eada, type: 3}
  m_Bones:
  - {fileID: 129911888678124448}
  - {fileID: 3594001854958733801}
  - {fileID: 5395350246294724984}
  - {fileID: 8182877981145265279}
  - {fileID: 4887184626370255761}
  - {fileID: 5677994457451306169}
  - {fileID: 4771778981857724217}
  - {fileID: 8673286573321951209}
  - {fileID: 53142934413348845}
  - {fileID: 54285806027592514}
  - {fileID: 8936699992166635539}
  - {fileID: 3293614194549829123}
  - {fileID: 1188589942484996857}
  - {fileID: 3309510750737893546}
  - {fileID: 1502789849961943634}
  - {fileID: 4476388135869905245}
  - {fileID: 1264460257333175792}
  - {fileID: 4922032232302364402}
  - {fileID: 2717151187132112015}
  - {fileID: 231159017731576342}
  - {fileID: 1470231054893245178}
  - {fileID: 3571074655613457021}
  - {fileID: 6101876588231868482}
  - {fileID: 6705138450548420796}
  - {fileID: 4196133150287397468}
  - {fileID: 4709237793114221924}
  - {fileID: 8785894083469884210}
  - {fileID: 8582196477542053557}
  - {fileID: 7212909560472617156}
  - {fileID: 7367914810657202235}
  - {fileID: 6877909408174840925}
  - {fileID: 4773637949533637678}
  - {fileID: 579629414247493460}
  - {fileID: 3174334532310289612}
  - {fileID: 7429443726977511327}
  - {fileID: 914830157341878578}
  - {fileID: 2521248821921195103}
  - {fileID: 1171358127946316978}
  - {fileID: 7049627763866536338}
  - {fileID: 6673695593009909701}
  - {fileID: 323546052285181719}
  - {fileID: 2135460629158900405}
  - {fileID: 1887243690685341442}
  - {fileID: 258307196661576321}
  - {fileID: 7905951699040075044}
  - {fileID: 1386505722016966204}
  - {fileID: 5842780213113023022}
  - {fileID: 804123733305056141}
  - {fileID: 4522443655863301337}
  - {fileID: 6958968699121087791}
  - {fileID: 1306290017127179008}
  - {fileID: 2474279944431747951}
  - {fileID: 6805513666721517630}
  - {fileID: 3672511367569120932}
  - {fileID: 2340575719090408176}
  - {fileID: 1572921661497995422}
  - {fileID: 8166991659470880691}
  - {fileID: 5186978876254019789}
  - {fileID: 4988644530075106827}
  - {fileID: 3841789538016931742}
  - {fileID: 7843154372883665565}
  - {fileID: 8895844404140555844}
  - {fileID: 4730255737333474848}
  - {fileID: 7719100396188531615}
  - {fileID: 1424634928475380144}
  - {fileID: 987042743503055050}
  - {fileID: 6490129441136263804}
  - {fileID: 7391060189680553770}
  - {fileID: 6590098664807516938}
  - {fileID: 4406512071288196403}
  - {fileID: 4682617732134651407}
  - {fileID: 6381527463834686090}
  - {fileID: 4884044025675160249}
  - {fileID: 168239753901687651}
  - {fileID: 7675871918615163100}
  - {fileID: 5520332627747267320}
  - {fileID: 2853688251527876692}
  m_BlendShapeWeights: []
  m_RootBone: {fileID: 129911888678124448}
  m_AABB:
    m_Center: {x: -0.00000011920929, y: 0.751581, z: 0.19956979}
    m_Extent: {x: 0.12809531, y: 0.047842205, z: 0.05003169}
  m_DirtyAABB: 0
--- !u!1 &5551367693854891432
GameObject:
  m_ObjectHideFlags: 0
  m_CorrespondingSourceObject: {fileID: 0}
  m_PrefabInstance: {fileID: 0}
  m_PrefabAsset: {fileID: 0}
  serializedVersion: 6
  m_Component:
  - component: {fileID: 8785894083469884210}
  m_Layer: 0
  m_Name: LeftForeArm
  m_TagString: Untagged
  m_Icon: {fileID: 0}
  m_NavMeshLayer: 0
  m_StaticEditorFlags: 0
  m_IsActive: 1
--- !u!4 &8785894083469884210
Transform:
  m_ObjectHideFlags: 0
  m_CorrespondingSourceObject: {fileID: 0}
  m_PrefabInstance: {fileID: 0}
  m_PrefabAsset: {fileID: 0}
  m_GameObject: {fileID: 5551367693854891432}
  m_LocalRotation: {x: -0.00000005952899, y: -0.012207422, z: -0.0000000030020773,
    w: 0.9999255}
  m_LocalPosition: {x: -0.21238872, y: -9.947598e-16, z: -0.013312034}
  m_LocalScale: {x: 1, y: 1, z: 1}
  m_Children:
  - {fileID: 8582196477542053557}
  - {fileID: 258307196661576321}
  m_Father: {fileID: 4709237793114221924}
  m_RootOrder: 0
  m_LocalEulerAnglesHint: {x: 0, y: 0, z: 0}
--- !u!1 &5578218175049591605
GameObject:
  m_ObjectHideFlags: 0
  m_CorrespondingSourceObject: {fileID: 0}
  m_PrefabInstance: {fileID: 0}
  m_PrefabAsset: {fileID: 0}
  serializedVersion: 6
  m_Component:
  - component: {fileID: 4682617732134651407}
  m_Layer: 0
  m_Name: Belly
  m_TagString: Untagged
  m_Icon: {fileID: 0}
  m_NavMeshLayer: 0
  m_StaticEditorFlags: 0
  m_IsActive: 1
--- !u!4 &4682617732134651407
Transform:
  m_ObjectHideFlags: 0
  m_CorrespondingSourceObject: {fileID: 0}
  m_PrefabInstance: {fileID: 0}
  m_PrefabAsset: {fileID: 0}
  m_GameObject: {fileID: 5578218175049591605}
  m_LocalRotation: {x: 0, y: -0, z: -0, w: 1}
  m_LocalPosition: {x: 1.7818862e-18, y: -0.005385949, z: 0.033578068}
  m_LocalScale: {x: 1, y: 1, z: 1}
  m_Children: []
  m_Father: {fileID: 8936699992166635539}
  m_RootOrder: 0
  m_LocalEulerAnglesHint: {x: 0, y: 0, z: 0}
--- !u!1 &5590336499283666540
GameObject:
  m_ObjectHideFlags: 0
  m_CorrespondingSourceObject: {fileID: 0}
  m_PrefabInstance: {fileID: 0}
  m_PrefabAsset: {fileID: 0}
  serializedVersion: 6
  m_Component:
  - component: {fileID: 987042743503055050}
  m_Layer: 0
  m_Name: RightWristTwist
  m_TagString: Untagged
  m_Icon: {fileID: 0}
  m_NavMeshLayer: 0
  m_StaticEditorFlags: 0
  m_IsActive: 1
--- !u!4 &987042743503055050
Transform:
  m_ObjectHideFlags: 0
  m_CorrespondingSourceObject: {fileID: 0}
  m_PrefabInstance: {fileID: 0}
  m_PrefabAsset: {fileID: 0}
  m_GameObject: {fileID: 5590336499283666540}
  m_LocalRotation: {x: 0, y: -0, z: -0, w: 1}
  m_LocalPosition: {x: 0.105344206, y: 0.0000000015972702, z: -0.0040242234}
  m_LocalScale: {x: 1, y: 1, z: 1}
  m_Children: []
  m_Father: {fileID: 4522443655863301337}
  m_RootOrder: 1
  m_LocalEulerAnglesHint: {x: 0, y: 0, z: 0}
--- !u!1 &5701386900055268200
GameObject:
  m_ObjectHideFlags: 0
  m_CorrespondingSourceObject: {fileID: 0}
  m_PrefabInstance: {fileID: 0}
  m_PrefabAsset: {fileID: 0}
  serializedVersion: 6
  m_Component:
  - component: {fileID: 5842780213113023022}
  m_Layer: 0
  m_Name: RightShoulder
  m_TagString: Untagged
  m_Icon: {fileID: 0}
  m_NavMeshLayer: 0
  m_StaticEditorFlags: 0
  m_IsActive: 1
--- !u!4 &5842780213113023022
Transform:
  m_ObjectHideFlags: 0
  m_CorrespondingSourceObject: {fileID: 0}
  m_PrefabInstance: {fileID: 0}
  m_PrefabAsset: {fileID: 0}
  m_GameObject: {fileID: 5701386900055268200}
  m_LocalRotation: {x: -0.000000014901161, y: 4.2632564e-14, z: -0.000000044703256,
    w: 1}
  m_LocalPosition: {x: 0.042158414, y: 0.16554418, z: -0.040647224}
  m_LocalScale: {x: 1, y: 1, z: 1}
  m_Children:
  - {fileID: 804123733305056141}
  m_Father: {fileID: 1188589942484996857}
  m_RootOrder: 4
  m_LocalEulerAnglesHint: {x: 0, y: 0, z: 0}
--- !u!1 &5797871303403016942
GameObject:
  m_ObjectHideFlags: 0
  m_CorrespondingSourceObject: {fileID: 0}
  m_PrefabInstance: {fileID: 0}
  m_PrefabAsset: {fileID: 0}
  serializedVersion: 6
  m_Component:
  - component: {fileID: 323546052285181719}
  m_Layer: 0
  m_Name: LeftHandPinky1
  m_TagString: Untagged
  m_Icon: {fileID: 0}
  m_NavMeshLayer: 0
  m_StaticEditorFlags: 0
  m_IsActive: 1
--- !u!4 &323546052285181719
Transform:
  m_ObjectHideFlags: 0
  m_CorrespondingSourceObject: {fileID: 0}
  m_PrefabInstance: {fileID: 0}
  m_PrefabAsset: {fileID: 0}
  m_GameObject: {fileID: 5797871303403016942}
  m_LocalRotation: {x: 0.0126473, y: 0.0230554, z: -0.16874458, w: 0.985309}
  m_LocalPosition: {x: -0.11297684, y: -0.01640298, z: -0.06431422}
  m_LocalScale: {x: 1, y: 1, z: 1}
  m_Children:
  - {fileID: 2135460629158900405}
  m_Father: {fileID: 8582196477542053557}
  m_RootOrder: 2
  m_LocalEulerAnglesHint: {x: 0, y: 0, z: 0}
--- !u!1 &5856504942626180491
GameObject:
  m_ObjectHideFlags: 0
  m_CorrespondingSourceObject: {fileID: 0}
  m_PrefabInstance: {fileID: 0}
  m_PrefabAsset: {fileID: 0}
  serializedVersion: 6
  m_Component:
  - component: {fileID: 4922032232302364402}
  m_Layer: 0
  m_Name: HairA
  m_TagString: Untagged
  m_Icon: {fileID: 0}
  m_NavMeshLayer: 0
  m_StaticEditorFlags: 0
  m_IsActive: 1
--- !u!4 &4922032232302364402
Transform:
  m_ObjectHideFlags: 0
  m_CorrespondingSourceObject: {fileID: 0}
  m_PrefabInstance: {fileID: 0}
  m_PrefabAsset: {fileID: 0}
  m_GameObject: {fileID: 5856504942626180491}
  m_LocalRotation: {x: 0, y: -0, z: -0, w: 1}
  m_LocalPosition: {x: 0.114841186, y: 0.27488872, z: 0.17492719}
  m_LocalScale: {x: 1, y: 1, z: 1}
  m_Children: []
  m_Father: {fileID: 1502789849961943634}
  m_RootOrder: 2
  m_LocalEulerAnglesHint: {x: 0, y: 0, z: 0}
--- !u!1 &5924594784984437280
GameObject:
  m_ObjectHideFlags: 0
  m_CorrespondingSourceObject: {fileID: 0}
  m_PrefabInstance: {fileID: 0}
  m_PrefabAsset: {fileID: 0}
  serializedVersion: 6
  m_Component:
  - component: {fileID: 7367914810657202235}
  m_Layer: 0
  m_Name: LeftHandThumb2
  m_TagString: Untagged
  m_Icon: {fileID: 0}
  m_NavMeshLayer: 0
  m_StaticEditorFlags: 0
  m_IsActive: 1
--- !u!4 &7367914810657202235
Transform:
  m_ObjectHideFlags: 0
  m_CorrespondingSourceObject: {fileID: 0}
  m_PrefabInstance: {fileID: 0}
  m_PrefabAsset: {fileID: 0}
  m_GameObject: {fileID: 5924594784984437280}
  m_LocalRotation: {x: -0.07121975, y: 0.068377316, z: -0.050987907, w: 0.99380714}
  m_LocalPosition: {x: -0.030167103, y: -0.015619701, z: 0.021190222}
  m_LocalScale: {x: 1, y: 1, z: 1}
  m_Children:
  - {fileID: 6877909408174840925}
  m_Father: {fileID: 7212909560472617156}
  m_RootOrder: 0
  m_LocalEulerAnglesHint: {x: 0, y: 0, z: 0}
--- !u!1 &6070655265796200723
GameObject:
  m_ObjectHideFlags: 0
  m_CorrespondingSourceObject: {fileID: 0}
  m_PrefabInstance: {fileID: 0}
  m_PrefabAsset: {fileID: 0}
  serializedVersion: 6
  m_Component:
  - component: {fileID: 6673695593009909701}
  m_Layer: 0
  m_Name: LeftHandRing3
  m_TagString: Untagged
  m_Icon: {fileID: 0}
  m_NavMeshLayer: 0
  m_StaticEditorFlags: 0
  m_IsActive: 1
--- !u!4 &6673695593009909701
Transform:
  m_ObjectHideFlags: 0
  m_CorrespondingSourceObject: {fileID: 0}
  m_PrefabInstance: {fileID: 0}
  m_PrefabAsset: {fileID: 0}
  m_GameObject: {fileID: 6070655265796200723}
  m_LocalRotation: {x: 0, y: -0, z: -0, w: 1}
  m_LocalPosition: {x: -0.030227456, y: -0.012810167, z: -0.0029096045}
  m_LocalScale: {x: 1, y: 1, z: 1}
  m_Children: []
  m_Father: {fileID: 7049627763866536338}
  m_RootOrder: 0
  m_LocalEulerAnglesHint: {x: 0, y: 0, z: 0}
--- !u!1 &6193312431539528368
GameObject:
  m_ObjectHideFlags: 0
  m_CorrespondingSourceObject: {fileID: 0}
  m_PrefabInstance: {fileID: 0}
  m_PrefabAsset: {fileID: 0}
  serializedVersion: 6
  m_Component:
  - component: {fileID: 3174334532310289612}
  m_Layer: 0
  m_Name: LeftHandIndex3
  m_TagString: Untagged
  m_Icon: {fileID: 0}
  m_NavMeshLayer: 0
  m_StaticEditorFlags: 0
  m_IsActive: 1
--- !u!4 &3174334532310289612
Transform:
  m_ObjectHideFlags: 0
  m_CorrespondingSourceObject: {fileID: 0}
  m_PrefabInstance: {fileID: 0}
  m_PrefabAsset: {fileID: 0}
  m_GameObject: {fileID: 6193312431539528368}
  m_LocalRotation: {x: 0, y: -0, z: -0, w: 1}
  m_LocalPosition: {x: -0.031111574, y: -0.011356314, z: -0.0028079413}
  m_LocalScale: {x: 1, y: 1, z: 1}
  m_Children: []
  m_Father: {fileID: 579629414247493460}
  m_RootOrder: 0
  m_LocalEulerAnglesHint: {x: 0, y: 0, z: 0}
--- !u!1 &6346937573332387826
GameObject:
  m_ObjectHideFlags: 0
  m_CorrespondingSourceObject: {fileID: 0}
  m_PrefabInstance: {fileID: 0}
  m_PrefabAsset: {fileID: 0}
  serializedVersion: 6
  m_Component:
  - component: {fileID: 8166991659470880691}
  m_Layer: 0
  m_Name: RightHandMiddle1
  m_TagString: Untagged
  m_Icon: {fileID: 0}
  m_NavMeshLayer: 0
  m_StaticEditorFlags: 0
  m_IsActive: 1
--- !u!4 &8166991659470880691
Transform:
  m_ObjectHideFlags: 0
  m_CorrespondingSourceObject: {fileID: 0}
  m_PrefabInstance: {fileID: 0}
  m_PrefabAsset: {fileID: 0}
  m_GameObject: {fileID: 6346937573332387826}
  m_LocalRotation: {x: 0.009691353, y: 0.008708266, z: 0.12985104, w: 0.9914479}
  m_LocalPosition: {x: 0.12095573, y: 0.00018669046, z: -0.009039879}
  m_LocalScale: {x: 1, y: 1, z: 1}
  m_Children:
  - {fileID: 5186978876254019789}
  m_Father: {fileID: 6958968699121087791}
  m_RootOrder: 1
  m_LocalEulerAnglesHint: {x: 0, y: 0, z: 0}
--- !u!1 &6378255604383809197
GameObject:
  m_ObjectHideFlags: 0
  m_CorrespondingSourceObject: {fileID: 0}
  m_PrefabInstance: {fileID: 0}
  m_PrefabAsset: {fileID: 0}
  serializedVersion: 6
  m_Component:
  - component: {fileID: 2340575719090408176}
  m_Layer: 0
  m_Name: RightHandIndex2
  m_TagString: Untagged
  m_Icon: {fileID: 0}
  m_NavMeshLayer: 0
  m_StaticEditorFlags: 0
  m_IsActive: 1
--- !u!4 &2340575719090408176
Transform:
  m_ObjectHideFlags: 0
  m_CorrespondingSourceObject: {fileID: 0}
  m_PrefabInstance: {fileID: 0}
  m_PrefabAsset: {fileID: 0}
  m_GameObject: {fileID: 6378255604383809197}
  m_LocalRotation: {x: 0.00007018076, y: -0.02117439, z: 0.08641069, w: 0.99603456}
  m_LocalPosition: {x: 0.032291904, y: -0.005749147, z: -0.0014349757}
  m_LocalScale: {x: 1, y: 1, z: 1}
  m_Children:
  - {fileID: 1572921661497995422}
  m_Father: {fileID: 3672511367569120932}
  m_RootOrder: 0
  m_LocalEulerAnglesHint: {x: 0, y: 0, z: 0}
--- !u!1 &6379890540662268720
GameObject:
  m_ObjectHideFlags: 0
  m_CorrespondingSourceObject: {fileID: 0}
  m_PrefabInstance: {fileID: 0}
  m_PrefabAsset: {fileID: 0}
  serializedVersion: 6
  m_Component:
  - component: {fileID: 8936699992166635539}
  m_Layer: 0
  m_Name: Spine
  m_TagString: Untagged
  m_Icon: {fileID: 0}
  m_NavMeshLayer: 0
  m_StaticEditorFlags: 0
  m_IsActive: 1
--- !u!4 &8936699992166635539
Transform:
  m_ObjectHideFlags: 0
  m_CorrespondingSourceObject: {fileID: 0}
  m_PrefabInstance: {fileID: 0}
  m_PrefabAsset: {fileID: 0}
  m_GameObject: {fileID: 6379890540662268720}
  m_LocalRotation: {x: 3.5569105e-16, y: -0.0000000028207043, z: 0.000000089278345,
    w: 1}
  m_LocalPosition: {x: -0, y: 0.078686476, z: 0.011662032}
  m_LocalScale: {x: 1, y: 1, z: 1}
  m_Children:
  - {fileID: 4682617732134651407}
  - {fileID: 3293614194549829123}
  m_Father: {fileID: 129911888678124448}
  m_RootOrder: 5
  m_LocalEulerAnglesHint: {x: 0, y: 0, z: 0}
--- !u!1 &6452988232740948532
GameObject:
  m_ObjectHideFlags: 0
  m_CorrespondingSourceObject: {fileID: 0}
  m_PrefabInstance: {fileID: 0}
  m_PrefabAsset: {fileID: 0}
  serializedVersion: 6
  m_Component:
  - component: {fileID: 1887243690685341442}
  m_Layer: 0
  m_Name: LeftHandPinky3
  m_TagString: Untagged
  m_Icon: {fileID: 0}
  m_NavMeshLayer: 0
  m_StaticEditorFlags: 0
  m_IsActive: 1
--- !u!4 &1887243690685341442
Transform:
  m_ObjectHideFlags: 0
  m_CorrespondingSourceObject: {fileID: 0}
  m_PrefabInstance: {fileID: 0}
  m_PrefabAsset: {fileID: 0}
  m_GameObject: {fileID: 6452988232740948532}
  m_LocalRotation: {x: 0, y: -0, z: -0, w: 1}
  m_LocalPosition: {x: -0.027245728, y: -0.008436142, z: -0.0025268465}
  m_LocalScale: {x: 1, y: 1, z: 1}
  m_Children: []
  m_Father: {fileID: 2135460629158900405}
  m_RootOrder: 0
  m_LocalEulerAnglesHint: {x: 0, y: 0, z: 0}
--- !u!1 &6477652131916733118
GameObject:
  m_ObjectHideFlags: 0
  m_CorrespondingSourceObject: {fileID: 0}
  m_PrefabInstance: {fileID: 0}
  m_PrefabAsset: {fileID: 0}
  serializedVersion: 6
  m_Component:
  - component: {fileID: 7843154372883665565}
  m_Layer: 0
  m_Name: RightHandRing2
  m_TagString: Untagged
  m_Icon: {fileID: 0}
  m_NavMeshLayer: 0
  m_StaticEditorFlags: 0
  m_IsActive: 1
--- !u!4 &7843154372883665565
Transform:
  m_ObjectHideFlags: 0
  m_CorrespondingSourceObject: {fileID: 0}
  m_PrefabInstance: {fileID: 0}
  m_PrefabAsset: {fileID: 0}
  m_GameObject: {fileID: 6477652131916733118}
  m_LocalRotation: {x: -0.002461915, y: -0.013599332, z: 0.03429259, w: 0.9993163}
  m_LocalPosition: {x: 0.028813388, y: -0.009928569, z: -0.0018692748}
  m_LocalScale: {x: 1, y: 1, z: 1}
  m_Children:
  - {fileID: 8895844404140555844}
  m_Father: {fileID: 3841789538016931742}
  m_RootOrder: 0
  m_LocalEulerAnglesHint: {x: 0, y: 0, z: 0}
--- !u!1 &6509588357728231544
GameObject:
  m_ObjectHideFlags: 0
  m_CorrespondingSourceObject: {fileID: 0}
  m_PrefabInstance: {fileID: 0}
  m_PrefabAsset: {fileID: 0}
  serializedVersion: 6
  m_Component:
  - component: {fileID: 3841789538016931742}
  m_Layer: 0
  m_Name: RightHandRing1
  m_TagString: Untagged
  m_Icon: {fileID: 0}
  m_NavMeshLayer: 0
  m_StaticEditorFlags: 0
  m_IsActive: 1
--- !u!4 &3841789538016931742
Transform:
  m_ObjectHideFlags: 0
  m_CorrespondingSourceObject: {fileID: 0}
  m_PrefabInstance: {fileID: 0}
  m_PrefabAsset: {fileID: 0}
  m_GameObject: {fileID: 6509588357728231544}
  m_LocalRotation: {x: 0.012335844, y: 0.0047097863, z: 0.16515173, w: 0.9861798}
  m_LocalPosition: {x: 0.12265278, y: -0.0035174626, z: -0.038758583}
  m_LocalScale: {x: 1, y: 1, z: 1}
  m_Children:
  - {fileID: 7843154372883665565}
  m_Father: {fileID: 6958968699121087791}
  m_RootOrder: 3
  m_LocalEulerAnglesHint: {x: 0, y: 0, z: 0}
--- !u!1 &6880560554504612713
GameObject:
  m_ObjectHideFlags: 0
  m_CorrespondingSourceObject: {fileID: 0}
  m_PrefabInstance: {fileID: 0}
  m_PrefabAsset: {fileID: 0}
  serializedVersion: 6
  m_Component:
  - component: {fileID: 1306290017127179008}
  m_Layer: 0
  m_Name: RightHandThumb1
  m_TagString: Untagged
  m_Icon: {fileID: 0}
  m_NavMeshLayer: 0
  m_StaticEditorFlags: 0
  m_IsActive: 1
--- !u!4 &1306290017127179008
Transform:
  m_ObjectHideFlags: 0
  m_CorrespondingSourceObject: {fileID: 0}
  m_PrefabInstance: {fileID: 0}
  m_PrefabAsset: {fileID: 0}
  m_GameObject: {fileID: 6880560554504612713}
  m_LocalRotation: {x: 0.010206937, y: 0.044497997, z: 0.018270265, w: 0.99879026}
  m_LocalPosition: {x: 0.04362176, y: -0.0154216485, z: 0.025597617}
  m_LocalScale: {x: 1, y: 1, z: 1}
  m_Children:
  - {fileID: 2474279944431747951}
  m_Father: {fileID: 6958968699121087791}
  m_RootOrder: 4
  m_LocalEulerAnglesHint: {x: 0, y: 0, z: 0}
--- !u!1 &7001886566066642907
GameObject:
  m_ObjectHideFlags: 0
  m_CorrespondingSourceObject: {fileID: 0}
  m_PrefabInstance: {fileID: 0}
  m_PrefabAsset: {fileID: 0}
  serializedVersion: 6
  m_Component:
  - component: {fileID: 3594001854958733801}
  m_Layer: 0
  m_Name: Pelvis
  m_TagString: Untagged
  m_Icon: {fileID: 0}
  m_NavMeshLayer: 0
  m_StaticEditorFlags: 0
  m_IsActive: 1
--- !u!4 &3594001854958733801
Transform:
  m_ObjectHideFlags: 0
  m_CorrespondingSourceObject: {fileID: 0}
  m_PrefabInstance: {fileID: 0}
  m_PrefabAsset: {fileID: 0}
  m_GameObject: {fileID: 7001886566066642907}
  m_LocalRotation: {x: 0, y: -0, z: -0, w: 1}
  m_LocalPosition: {x: -0, y: 0, z: 0}
  m_LocalScale: {x: 1, y: 1, z: 1}
  m_Children:
  - {fileID: 5395350246294724984}
  - {fileID: 4771778981857724217}
  m_Father: {fileID: 129911888678124448}
  m_RootOrder: 1
  m_LocalEulerAnglesHint: {x: 0, y: 0, z: 0}
--- !u!1 &7075239722934825452
GameObject:
  m_ObjectHideFlags: 0
  m_CorrespondingSourceObject: {fileID: 0}
  m_PrefabInstance: {fileID: 0}
  m_PrefabAsset: {fileID: 0}
  serializedVersion: 6
  m_Component:
  - component: {fileID: 2489172486286206879}
  - component: {fileID: 442285152229778080}
  m_Layer: 0
  m_Name: Girl_Eyes_Geo
  m_TagString: Untagged
  m_Icon: {fileID: 0}
  m_NavMeshLayer: 0
  m_StaticEditorFlags: 0
  m_IsActive: 1
--- !u!4 &2489172486286206879
Transform:
  m_ObjectHideFlags: 0
  m_CorrespondingSourceObject: {fileID: 0}
  m_PrefabInstance: {fileID: 0}
  m_PrefabAsset: {fileID: 0}
  m_GameObject: {fileID: 7075239722934825452}
  m_LocalRotation: {x: 0, y: -0, z: -0, w: 1}
  m_LocalPosition: {x: -0, y: 0, z: 0}
  m_LocalScale: {x: 1, y: 1, z: 1}
  m_Children: []
  m_Father: {fileID: 123122769162026153}
  m_RootOrder: 2
  m_LocalEulerAnglesHint: {x: 0, y: 0, z: 0}
--- !u!137 &442285152229778080
SkinnedMeshRenderer:
  m_ObjectHideFlags: 0
  m_CorrespondingSourceObject: {fileID: 0}
  m_PrefabInstance: {fileID: 0}
  m_PrefabAsset: {fileID: 0}
  m_GameObject: {fileID: 7075239722934825452}
  m_Enabled: 1
  m_CastShadows: 1
  m_ReceiveShadows: 1
  m_DynamicOccludee: 1
  m_MotionVectors: 1
  m_LightProbeUsage: 1
  m_ReflectionProbeUsage: 1
  m_RayTracingMode: 0
  m_RenderingLayerMask: 1
  m_RendererPriority: 0
  m_Materials:
  - {fileID: 2100000, guid: ede65ff88a04162438ce48812592cba7, type: 2}
  m_StaticBatchInfo:
    firstSubMesh: 0
    subMeshCount: 0
  m_StaticBatchRoot: {fileID: 0}
  m_ProbeAnchor: {fileID: 0}
  m_LightProbeVolumeOverride: {fileID: 0}
  m_ScaleInLightmap: 1
  m_ReceiveGI: 1
  m_PreserveUVs: 0
  m_IgnoreNormalsForChartDetection: 0
  m_ImportantGI: 0
  m_StitchLightmapSeams: 1
  m_SelectedEditorRenderState: 3
  m_MinimumChartSize: 4
  m_AutoUVMaxDistance: 0.5
  m_AutoUVMaxAngle: 89
  m_LightmapParameters: {fileID: 0}
  m_SortingLayerID: 0
  m_SortingLayer: 0
  m_SortingOrder: 0
  serializedVersion: 2
  m_Quality: 0
  m_UpdateWhenOffscreen: 0
  m_SkinnedMotionVectors: 1
  m_Mesh: {fileID: -5378477814954200245, guid: 82426a50bc3decb46b87cf7aaf11eada, type: 3}
  m_Bones:
  - {fileID: 129911888678124448}
  - {fileID: 3594001854958733801}
  - {fileID: 5395350246294724984}
  - {fileID: 8182877981145265279}
  - {fileID: 4887184626370255761}
  - {fileID: 5677994457451306169}
  - {fileID: 4771778981857724217}
  - {fileID: 8673286573321951209}
  - {fileID: 53142934413348845}
  - {fileID: 54285806027592514}
  - {fileID: 8936699992166635539}
  - {fileID: 3293614194549829123}
  - {fileID: 1188589942484996857}
  - {fileID: 3309510750737893546}
  - {fileID: 1502789849961943634}
  - {fileID: 4476388135869905245}
  - {fileID: 1264460257333175792}
  - {fileID: 4922032232302364402}
  - {fileID: 2717151187132112015}
  - {fileID: 231159017731576342}
  - {fileID: 1470231054893245178}
  - {fileID: 3571074655613457021}
  - {fileID: 6101876588231868482}
  - {fileID: 6705138450548420796}
  - {fileID: 4196133150287397468}
  - {fileID: 4709237793114221924}
  - {fileID: 8785894083469884210}
  - {fileID: 8582196477542053557}
  - {fileID: 7212909560472617156}
  - {fileID: 7367914810657202235}
  - {fileID: 6877909408174840925}
  - {fileID: 4773637949533637678}
  - {fileID: 579629414247493460}
  - {fileID: 3174334532310289612}
  - {fileID: 7429443726977511327}
  - {fileID: 914830157341878578}
  - {fileID: 2521248821921195103}
  - {fileID: 1171358127946316978}
  - {fileID: 7049627763866536338}
  - {fileID: 6673695593009909701}
  - {fileID: 323546052285181719}
  - {fileID: 2135460629158900405}
  - {fileID: 1887243690685341442}
  - {fileID: 258307196661576321}
  - {fileID: 7905951699040075044}
  - {fileID: 1386505722016966204}
  - {fileID: 5842780213113023022}
  - {fileID: 804123733305056141}
  - {fileID: 4522443655863301337}
  - {fileID: 6958968699121087791}
  - {fileID: 1306290017127179008}
  - {fileID: 2474279944431747951}
  - {fileID: 6805513666721517630}
  - {fileID: 3672511367569120932}
  - {fileID: 2340575719090408176}
  - {fileID: 1572921661497995422}
  - {fileID: 8166991659470880691}
  - {fileID: 5186978876254019789}
  - {fileID: 4988644530075106827}
  - {fileID: 3841789538016931742}
  - {fileID: 7843154372883665565}
  - {fileID: 8895844404140555844}
  - {fileID: 4730255737333474848}
  - {fileID: 7719100396188531615}
  - {fileID: 1424634928475380144}
  - {fileID: 987042743503055050}
  - {fileID: 6490129441136263804}
  - {fileID: 7391060189680553770}
  - {fileID: 6590098664807516938}
  - {fileID: 4406512071288196403}
  - {fileID: 4682617732134651407}
  - {fileID: 6381527463834686090}
  - {fileID: 4884044025675160249}
  - {fileID: 168239753901687651}
  - {fileID: 7675871918615163100}
  - {fileID: 5520332627747267320}
  - {fileID: 2853688251527876692}
  m_BlendShapeWeights: []
  m_RootBone: {fileID: 129911888678124448}
  m_AABB:
    m_Center: {x: -0.000000067055225, y: 0.70555484, z: 0.20356223}
    m_Extent: {x: 0.12311226, y: 0.06291604, z: 0.058321625}
  m_DirtyAABB: 0
--- !u!1 &7081740931430540745
GameObject:
  m_ObjectHideFlags: 0
  m_CorrespondingSourceObject: {fileID: 0}
  m_PrefabInstance: {fileID: 0}
  m_PrefabAsset: {fileID: 0}
  serializedVersion: 6
  m_Component:
  - component: {fileID: 1264460257333175792}
  m_Layer: 0
  m_Name: Bow_Right
  m_TagString: Untagged
  m_Icon: {fileID: 0}
  m_NavMeshLayer: 0
  m_StaticEditorFlags: 0
  m_IsActive: 1
--- !u!4 &1264460257333175792
Transform:
  m_ObjectHideFlags: 0
  m_CorrespondingSourceObject: {fileID: 0}
  m_PrefabInstance: {fileID: 0}
  m_PrefabAsset: {fileID: 0}
  m_GameObject: {fileID: 7081740931430540745}
  m_LocalRotation: {x: 0, y: -0, z: -0, w: 1}
  m_LocalPosition: {x: 0.11133113, y: 0.30306345, z: 0.19494794}
  m_LocalScale: {x: 1, y: 1, z: 1}
  m_Children: []
  m_Father: {fileID: 1502789849961943634}
  m_RootOrder: 1
  m_LocalEulerAnglesHint: {x: 0, y: 0, z: 0}
--- !u!1 &7088516443407601209
GameObject:
  m_ObjectHideFlags: 0
  m_CorrespondingSourceObject: {fileID: 0}
  m_PrefabInstance: {fileID: 0}
  m_PrefabAsset: {fileID: 0}
  serializedVersion: 6
  m_Component:
  - component: {fileID: 4771778981857724217}
  m_Layer: 0
  m_Name: RightUpLeg
  m_TagString: Untagged
  m_Icon: {fileID: 0}
  m_NavMeshLayer: 0
  m_StaticEditorFlags: 0
  m_IsActive: 1
--- !u!4 &4771778981857724217
Transform:
  m_ObjectHideFlags: 0
  m_CorrespondingSourceObject: {fileID: 0}
  m_PrefabInstance: {fileID: 0}
  m_PrefabAsset: {fileID: 0}
  m_GameObject: {fileID: 7088516443407601209}
  m_LocalRotation: {x: -0.00023997646, y: -0.0000009184548, z: -0.0038140344, w: 0.9999927}
  m_LocalPosition: {x: 0.08266982, y: -0.07995459, z: -0.0037905346}
  m_LocalScale: {x: 1, y: 1, z: 1}
  m_Children:
  - {fileID: 8673286573321951209}
  m_Father: {fileID: 3594001854958733801}
  m_RootOrder: 1
  m_LocalEulerAnglesHint: {x: 0, y: 0, z: 0}
--- !u!1 &7188489924990292928
GameObject:
  m_ObjectHideFlags: 0
  m_CorrespondingSourceObject: {fileID: 0}
  m_PrefabInstance: {fileID: 0}
  m_PrefabAsset: {fileID: 0}
  serializedVersion: 6
  m_Component:
  - component: {fileID: 168239753901687651}
  m_Layer: 0
  m_Name: SkirtC
  m_TagString: Untagged
  m_Icon: {fileID: 0}
  m_NavMeshLayer: 0
  m_StaticEditorFlags: 0
  m_IsActive: 1
--- !u!4 &168239753901687651
Transform:
  m_ObjectHideFlags: 0
  m_CorrespondingSourceObject: {fileID: 0}
  m_PrefabInstance: {fileID: 0}
  m_PrefabAsset: {fileID: 0}
  m_GameObject: {fileID: 7188489924990292928}
  m_LocalRotation: {x: 0, y: -0, z: -0, w: 1}
  m_LocalPosition: {x: 0.11243084, y: 0.0193134, z: -0.10868537}
  m_LocalScale: {x: 1, y: 1, z: 1}
  m_Children:
  - {fileID: 7675871918615163100}
  m_Father: {fileID: 129911888678124448}
  m_RootOrder: 4
  m_LocalEulerAnglesHint: {x: 0, y: 0, z: 0}
--- !u!1 &7220752787812432101
GameObject:
  m_ObjectHideFlags: 0
  m_CorrespondingSourceObject: {fileID: 0}
  m_PrefabInstance: {fileID: 0}
  m_PrefabAsset: {fileID: 0}
  serializedVersion: 6
  m_Component:
  - component: {fileID: 6705138450548420796}
  m_Layer: 0
  m_Name: Ponytail2
  m_TagString: Untagged
  m_Icon: {fileID: 0}
  m_NavMeshLayer: 0
  m_StaticEditorFlags: 0
  m_IsActive: 1
--- !u!4 &6705138450548420796
Transform:
  m_ObjectHideFlags: 0
  m_CorrespondingSourceObject: {fileID: 0}
  m_PrefabInstance: {fileID: 0}
  m_PrefabAsset: {fileID: 0}
  m_GameObject: {fileID: 7220752787812432101}
  m_LocalRotation: {x: 0, y: -0, z: -0, w: 1}
  m_LocalPosition: {x: 0.015206003, y: -0.11288776, z: -0.07114228}
  m_LocalScale: {x: 1, y: 1, z: 1}
  m_Children: []
  m_Father: {fileID: 6101876588231868482}
  m_RootOrder: 0
  m_LocalEulerAnglesHint: {x: 0, y: 0, z: 0}
--- !u!1 &7229798128348266330
GameObject:
  m_ObjectHideFlags: 0
  m_CorrespondingSourceObject: {fileID: 0}
  m_PrefabInstance: {fileID: 0}
  m_PrefabAsset: {fileID: 0}
  serializedVersion: 6
  m_Component:
  - component: {fileID: 4884044025675160249}
  m_Layer: 0
  m_Name: SkirtA1
  m_TagString: Untagged
  m_Icon: {fileID: 0}
  m_NavMeshLayer: 0
  m_StaticEditorFlags: 0
  m_IsActive: 1
--- !u!4 &4884044025675160249
Transform:
  m_ObjectHideFlags: 0
  m_CorrespondingSourceObject: {fileID: 0}
  m_PrefabInstance: {fileID: 0}
  m_PrefabAsset: {fileID: 0}
  m_GameObject: {fileID: 7229798128348266330}
  m_LocalRotation: {x: 0, y: -0, z: -0, w: 1}
  m_LocalPosition: {x: -0.020291697, y: -0.07806315, z: -0.03695194}
  m_LocalScale: {x: 1, y: 1, z: 1}
  m_Children: []
  m_Father: {fileID: 6381527463834686090}
  m_RootOrder: 0
  m_LocalEulerAnglesHint: {x: 0, y: 0, z: 0}
--- !u!1 &7257290746554939410
GameObject:
  m_ObjectHideFlags: 0
  m_CorrespondingSourceObject: {fileID: 0}
  m_PrefabInstance: {fileID: 0}
  m_PrefabAsset: {fileID: 0}
  serializedVersion: 6
  m_Component:
  - component: {fileID: 3293614194549829123}
  m_Layer: 0
  m_Name: Spine1
  m_TagString: Untagged
  m_Icon: {fileID: 0}
  m_NavMeshLayer: 0
  m_StaticEditorFlags: 0
  m_IsActive: 1
--- !u!4 &3293614194549829123
Transform:
  m_ObjectHideFlags: 0
  m_CorrespondingSourceObject: {fileID: 0}
  m_PrefabInstance: {fileID: 0}
  m_PrefabAsset: {fileID: 0}
  m_GameObject: {fileID: 7257290746554939410}
  m_LocalRotation: {x: 3.8774097e-26, y: -4.263257e-14, z: 6.82121e-13, w: 1}
  m_LocalPosition: {x: 7.596316e-12, y: 0.08307763, z: 0.0024876622}
  m_LocalScale: {x: 1, y: 1, z: 1}
  m_Children:
  - {fileID: 1188589942484996857}
  m_Father: {fileID: 8936699992166635539}
  m_RootOrder: 1
  m_LocalEulerAnglesHint: {x: 0, y: 0, z: 0}
--- !u!1 &7282328510352700966
GameObject:
  m_ObjectHideFlags: 0
  m_CorrespondingSourceObject: {fileID: 0}
  m_PrefabInstance: {fileID: 0}
  m_PrefabAsset: {fileID: 0}
  serializedVersion: 6
  m_Component:
  - component: {fileID: 1470231054893245178}
  m_Layer: 0
  m_Name: HairC1
  m_TagString: Untagged
  m_Icon: {fileID: 0}
  m_NavMeshLayer: 0
  m_StaticEditorFlags: 0
  m_IsActive: 1
--- !u!4 &1470231054893245178
Transform:
  m_ObjectHideFlags: 0
  m_CorrespondingSourceObject: {fileID: 0}
  m_PrefabInstance: {fileID: 0}
  m_PrefabAsset: {fileID: 0}
  m_GameObject: {fileID: 7282328510352700966}
  m_LocalRotation: {x: 0, y: -0, z: -0, w: 1}
  m_LocalPosition: {x: -0.017394014, y: -0.03174062, z: 0.03680686}
  m_LocalScale: {x: 1, y: 1, z: 1}
  m_Children: []
  m_Father: {fileID: 231159017731576342}
  m_RootOrder: 0
  m_LocalEulerAnglesHint: {x: 0, y: 0, z: 0}
--- !u!1 &7667966747487214882
GameObject:
  m_ObjectHideFlags: 0
  m_CorrespondingSourceObject: {fileID: 0}
  m_PrefabInstance: {fileID: 0}
  m_PrefabAsset: {fileID: 0}
  serializedVersion: 6
  m_Component:
  - component: {fileID: 7391060189680553770}
  m_Layer: 0
  m_Name: RightUpArmCounterTwist
  m_TagString: Untagged
  m_Icon: {fileID: 0}
  m_NavMeshLayer: 0
  m_StaticEditorFlags: 0
  m_IsActive: 1
--- !u!4 &7391060189680553770
Transform:
  m_ObjectHideFlags: 0
  m_CorrespondingSourceObject: {fileID: 0}
  m_PrefabInstance: {fileID: 0}
  m_PrefabAsset: {fileID: 0}
  m_GameObject: {fileID: 7667966747487214882}
  m_LocalRotation: {x: 0, y: -0, z: -0, w: 1}
  m_LocalPosition: {x: -1.7763568e-17, y: -1.4210854e-16, z: -4.440892e-18}
  m_LocalScale: {x: 1, y: 1, z: 1}
  m_Children: []
  m_Father: {fileID: 804123733305056141}
  m_RootOrder: 1
  m_LocalEulerAnglesHint: {x: 0, y: 0, z: 0}
--- !u!1 &7772207474818077004
GameObject:
  m_ObjectHideFlags: 0
  m_CorrespondingSourceObject: {fileID: 0}
  m_PrefabInstance: {fileID: 0}
  m_PrefabAsset: {fileID: 0}
  serializedVersion: 6
  m_Component:
  - component: {fileID: 7719100396188531615}
  m_Layer: 0
  m_Name: RightHandPinky2
  m_TagString: Untagged
  m_Icon: {fileID: 0}
  m_NavMeshLayer: 0
  m_StaticEditorFlags: 0
  m_IsActive: 1
--- !u!4 &7719100396188531615
Transform:
  m_ObjectHideFlags: 0
  m_CorrespondingSourceObject: {fileID: 0}
  m_PrefabInstance: {fileID: 0}
  m_PrefabAsset: {fileID: 0}
  m_GameObject: {fileID: 7772207474818077004}
  m_LocalRotation: {x: 0.0023685195, y: 0.013658582, z: -0.020059595, w: 0.9997027}
  m_LocalPosition: {x: 0.026790237, y: -0.009500736, z: -0.0033055397}
  m_LocalScale: {x: 1, y: 1, z: 1}
  m_Children:
  - {fileID: 1424634928475380144}
  m_Father: {fileID: 4730255737333474848}
  m_RootOrder: 0
  m_LocalEulerAnglesHint: {x: 0, y: 0, z: 0}
--- !u!1 &8014006957216211620
GameObject:
  m_ObjectHideFlags: 0
  m_CorrespondingSourceObject: {fileID: 0}
  m_PrefabInstance: {fileID: 0}
  m_PrefabAsset: {fileID: 0}
  serializedVersion: 6
  m_Component:
  - component: {fileID: 53142934413348845}
  m_Layer: 0
  m_Name: RightFoot
  m_TagString: Untagged
  m_Icon: {fileID: 0}
  m_NavMeshLayer: 0
  m_StaticEditorFlags: 0
  m_IsActive: 1
--- !u!4 &53142934413348845
Transform:
  m_ObjectHideFlags: 0
  m_CorrespondingSourceObject: {fileID: 0}
  m_PrefabInstance: {fileID: 0}
  m_PrefabAsset: {fileID: 0}
  m_GameObject: {fileID: 8014006957216211620}
  m_LocalRotation: {x: -0.0004538168, y: -0.00000081365806, z: 0.0038141783, w: 0.99999267}
  m_LocalPosition: {x: 0.0019601295, y: -0.34994304, z: -0.021562288}
  m_LocalScale: {x: 1, y: 1, z: 1}
  m_Children:
  - {fileID: 54285806027592514}
  m_Father: {fileID: 8673286573321951209}
  m_RootOrder: 0
  m_LocalEulerAnglesHint: {x: 0, y: 0, z: 0}
--- !u!1 &8017137217110588673
GameObject:
  m_ObjectHideFlags: 0
  m_CorrespondingSourceObject: {fileID: 0}
  m_PrefabInstance: {fileID: 0}
  m_PrefabAsset: {fileID: 0}
  serializedVersion: 6
  m_Component:
  - component: {fileID: 1572921661497995422}
  m_Layer: 0
  m_Name: RightHandIndex3
  m_TagString: Untagged
  m_Icon: {fileID: 0}
  m_NavMeshLayer: 0
  m_StaticEditorFlags: 0
  m_IsActive: 1
--- !u!4 &1572921661497995422
Transform:
  m_ObjectHideFlags: 0
  m_CorrespondingSourceObject: {fileID: 0}
  m_PrefabInstance: {fileID: 0}
  m_PrefabAsset: {fileID: 0}
  m_GameObject: {fileID: 8017137217110588673}
  m_LocalRotation: {x: 0, y: -0, z: -0, w: 1}
  m_LocalPosition: {x: 0.031111576, y: -0.011356314, z: -0.0028079413}
  m_LocalScale: {x: 1, y: 1, z: 1}
  m_Children: []
  m_Father: {fileID: 2340575719090408176}
  m_RootOrder: 0
  m_LocalEulerAnglesHint: {x: 0, y: 0, z: 0}
--- !u!1 &8061956995640262750
GameObject:
  m_ObjectHideFlags: 0
  m_CorrespondingSourceObject: {fileID: 0}
  m_PrefabInstance: {fileID: 0}
  m_PrefabAsset: {fileID: 0}
  serializedVersion: 6
  m_Component:
  - component: {fileID: 6590098664807516938}
  m_Layer: 0
  m_Name: Left_Breast
  m_TagString: Untagged
  m_Icon: {fileID: 0}
  m_NavMeshLayer: 0
  m_StaticEditorFlags: 0
  m_IsActive: 1
--- !u!4 &6590098664807516938
Transform:
  m_ObjectHideFlags: 0
  m_CorrespondingSourceObject: {fileID: 0}
  m_PrefabInstance: {fileID: 0}
  m_PrefabAsset: {fileID: 0}
  m_GameObject: {fileID: 8061956995640262750}
  m_LocalRotation: {x: 0, y: -0, z: -0, w: 1}
  m_LocalPosition: {x: -0.025622265, y: 0.12196367, z: 0.051280692}
  m_LocalScale: {x: 1, y: 1, z: 1}
  m_Children: []
  m_Father: {fileID: 1188589942484996857}
  m_RootOrder: 0
  m_LocalEulerAnglesHint: {x: 0, y: 0, z: 0}
--- !u!1 &8083554893664202064
GameObject:
  m_ObjectHideFlags: 0
  m_CorrespondingSourceObject: {fileID: 0}
  m_PrefabInstance: {fileID: 0}
  m_PrefabAsset: {fileID: 0}
  serializedVersion: 6
  m_Component:
  - component: {fileID: 3571074655613457021}
  m_Layer: 0
  m_Name: Ponytail
  m_TagString: Untagged
  m_Icon: {fileID: 0}
  m_NavMeshLayer: 0
  m_StaticEditorFlags: 0
  m_IsActive: 1
--- !u!4 &3571074655613457021
Transform:
  m_ObjectHideFlags: 0
  m_CorrespondingSourceObject: {fileID: 0}
  m_PrefabInstance: {fileID: 0}
  m_PrefabAsset: {fileID: 0}
  m_GameObject: {fileID: 8083554893664202064}
  m_LocalRotation: {x: 0, y: -0, z: -0, w: 1}
  m_LocalPosition: {x: 0.001811391, y: 0.31341058, z: -0.13433288}
  m_LocalScale: {x: 1, y: 1, z: 1}
  m_Children:
  - {fileID: 6101876588231868482}
  m_Father: {fileID: 1502789849961943634}
  m_RootOrder: 5
  m_LocalEulerAnglesHint: {x: 0, y: 0, z: 0}
--- !u!1 &8265524321952652501
GameObject:
  m_ObjectHideFlags: 0
  m_CorrespondingSourceObject: {fileID: 0}
  m_PrefabInstance: {fileID: 0}
  m_PrefabAsset: {fileID: 0}
  serializedVersion: 6
  m_Component:
  - component: {fileID: 258307196661576321}
  m_Layer: 0
  m_Name: LeftWristTwist
  m_TagString: Untagged
  m_Icon: {fileID: 0}
  m_NavMeshLayer: 0
  m_StaticEditorFlags: 0
  m_IsActive: 1
--- !u!4 &258307196661576321
Transform:
  m_ObjectHideFlags: 0
  m_CorrespondingSourceObject: {fileID: 0}
  m_PrefabInstance: {fileID: 0}
  m_PrefabAsset: {fileID: 0}
  m_GameObject: {fileID: 8265524321952652501}
  m_LocalRotation: {x: 0, y: -0, z: -0, w: 1}
  m_LocalPosition: {x: -0.10534421, y: 7.105427e-16, z: -0.004024007}
  m_LocalScale: {x: 1, y: 1, z: 1}
  m_Children: []
  m_Father: {fileID: 8785894083469884210}
  m_RootOrder: 1
  m_LocalEulerAnglesHint: {x: 0, y: 0, z: 0}
--- !u!1 &8425440608436474396
GameObject:
  m_ObjectHideFlags: 0
  m_CorrespondingSourceObject: {fileID: 0}
  m_PrefabInstance: {fileID: 0}
  m_PrefabAsset: {fileID: 0}
  serializedVersion: 6
  m_Component:
  - component: {fileID: 4709237793114221924}
  m_Layer: 0
  m_Name: LeftArm
  m_TagString: Untagged
  m_Icon: {fileID: 0}
  m_NavMeshLayer: 0
  m_StaticEditorFlags: 0
  m_IsActive: 1
--- !u!4 &4709237793114221924
Transform:
  m_ObjectHideFlags: 0
  m_CorrespondingSourceObject: {fileID: 0}
  m_PrefabInstance: {fileID: 0}
  m_PrefabAsset: {fileID: 0}
  m_GameObject: {fileID: 8425440608436474396}
  m_LocalRotation: {x: 0.0000000432827, y: 0.03129267, z: 0.000000046080483, w: 0.9995103}
  m_LocalPosition: {x: -0.08527116, y: -0.0025078552, z: -0.017092817}
  m_LocalScale: {x: 1, y: 1, z: 1}
  m_Children:
  - {fileID: 8785894083469884210}
  - {fileID: 1386505722016966204}
  - {fileID: 7905951699040075044}
  m_Father: {fileID: 4196133150287397468}
  m_RootOrder: 0
  m_LocalEulerAnglesHint: {x: 0, y: 0, z: 0}
--- !u!1 &8504534499021246260
GameObject:
  m_ObjectHideFlags: 0
  m_CorrespondingSourceObject: {fileID: 0}
  m_PrefabInstance: {fileID: 0}
  m_PrefabAsset: {fileID: 0}
  serializedVersion: 6
  m_Component:
  - component: {fileID: 2474279944431747951}
  m_Layer: 0
  m_Name: RightHandThumb2
  m_TagString: Untagged
  m_Icon: {fileID: 0}
  m_NavMeshLayer: 0
  m_StaticEditorFlags: 0
  m_IsActive: 1
--- !u!4 &2474279944431747951
Transform:
  m_ObjectHideFlags: 0
  m_CorrespondingSourceObject: {fileID: 0}
  m_PrefabInstance: {fileID: 0}
  m_PrefabAsset: {fileID: 0}
  m_GameObject: {fileID: 8504534499021246260}
  m_LocalRotation: {x: -0.07121985, y: -0.06837749, z: 0.050987896, w: 0.9938071}
  m_LocalPosition: {x: 0.0301671, y: -0.0156197, z: 0.02119022}
  m_LocalScale: {x: 1, y: 1, z: 1}
  m_Children:
  - {fileID: 6805513666721517630}
  m_Father: {fileID: 1306290017127179008}
  m_RootOrder: 0
  m_LocalEulerAnglesHint: {x: 0, y: 0, z: 0}
--- !u!1 &8522045317927635759
GameObject:
  m_ObjectHideFlags: 0
  m_CorrespondingSourceObject: {fileID: 0}
  m_PrefabInstance: {fileID: 0}
  m_PrefabAsset: {fileID: 0}
  serializedVersion: 6
  m_Component:
  - component: {fileID: 4476388135869905245}
  m_Layer: 0
  m_Name: Bow_Left
  m_TagString: Untagged
  m_Icon: {fileID: 0}
  m_NavMeshLayer: 0
  m_StaticEditorFlags: 0
  m_IsActive: 1
--- !u!4 &4476388135869905245
Transform:
  m_ObjectHideFlags: 0
  m_CorrespondingSourceObject: {fileID: 0}
  m_PrefabInstance: {fileID: 0}
  m_PrefabAsset: {fileID: 0}
  m_GameObject: {fileID: 8522045317927635759}
  m_LocalRotation: {x: 0, y: -0, z: -0, w: 1}
  m_LocalPosition: {x: 0.06807638, y: 0.33579117, z: 0.20746544}
  m_LocalScale: {x: 1, y: 1, z: 1}
  m_Children: []
  m_Father: {fileID: 1502789849961943634}
  m_RootOrder: 0
  m_LocalEulerAnglesHint: {x: 0, y: 0, z: 0}
--- !u!1 &8938721367870813075
GameObject:
  m_ObjectHideFlags: 0
  m_CorrespondingSourceObject: {fileID: 0}
  m_PrefabInstance: {fileID: 0}
  m_PrefabAsset: {fileID: 0}
  serializedVersion: 6
  m_Component:
  - component: {fileID: 129911888678124448}
  m_Layer: 0
  m_Name: Hips
  m_TagString: Untagged
  m_Icon: {fileID: 0}
  m_NavMeshLayer: 0
  m_StaticEditorFlags: 0
  m_IsActive: 1
--- !u!4 &129911888678124448
Transform:
  m_ObjectHideFlags: 0
  m_CorrespondingSourceObject: {fileID: 0}
  m_PrefabInstance: {fileID: 0}
  m_PrefabAsset: {fileID: 0}
  m_GameObject: {fileID: 8938721367870813075}
  m_LocalRotation: {x: -3.5568856e-16, y: 0.0000000028207043, z: -0.00000008927925,
    w: 1}
  m_LocalPosition: {x: 0.000000014298043, y: 0.85230374, z: 0.0032592847}
  m_LocalScale: {x: 1, y: 1, z: 1}
  m_Children:
  - {fileID: 3682516676201837012}
  - {fileID: 3594001854958733801}
  - {fileID: 6381527463834686090}
  - {fileID: 5520332627747267320}
  - {fileID: 168239753901687651}
  - {fileID: 8936699992166635539}
  m_Father: {fileID: 123122769162026153}
  m_RootOrder: 4
  m_LocalEulerAnglesHint: {x: 0, y: 0, z: 0}
--- !u!1 &8963350680455520792
GameObject:
  m_ObjectHideFlags: 0
  m_CorrespondingSourceObject: {fileID: 0}
  m_PrefabInstance: {fileID: 0}
  m_PrefabAsset: {fileID: 0}
  serializedVersion: 6
  m_Component:
  - component: {fileID: 1386505722016966204}
  m_Layer: 0
  m_Name: LeftUpArmCounterTwist
  m_TagString: Untagged
  m_Icon: {fileID: 0}
  m_NavMeshLayer: 0
  m_StaticEditorFlags: 0
  m_IsActive: 1
--- !u!4 &1386505722016966204
Transform:
  m_ObjectHideFlags: 0
  m_CorrespondingSourceObject: {fileID: 0}
  m_PrefabInstance: {fileID: 0}
  m_PrefabAsset: {fileID: 0}
  m_GameObject: {fileID: 8963350680455520792}
  m_LocalRotation: {x: 0, y: -0, z: -0, w: 1}
  m_LocalPosition: {x: -0, y: -9.947598e-16, z: 5.3290704e-17}
  m_LocalScale: {x: 1, y: 1, z: 1}
  m_Children: []
  m_Father: {fileID: 4709237793114221924}
  m_RootOrder: 1
  m_LocalEulerAnglesHint: {x: 0, y: 0, z: 0}
--- !u!1 &9042291456261293933
GameObject:
  m_ObjectHideFlags: 0
  m_CorrespondingSourceObject: {fileID: 0}
  m_PrefabInstance: {fileID: 0}
  m_PrefabAsset: {fileID: 0}
  serializedVersion: 6
  m_Component:
  - component: {fileID: 7429443726977511327}
  m_Layer: 0
  m_Name: LeftHandMiddle1
  m_TagString: Untagged
  m_Icon: {fileID: 0}
  m_NavMeshLayer: 0
  m_StaticEditorFlags: 0
  m_IsActive: 1
--- !u!4 &7429443726977511327
Transform:
  m_ObjectHideFlags: 0
  m_CorrespondingSourceObject: {fileID: 0}
  m_PrefabInstance: {fileID: 0}
  m_PrefabAsset: {fileID: 0}
  m_GameObject: {fileID: 9042291456261293933}
  m_LocalRotation: {x: 0.009691353, y: -0.008708266, z: -0.12985104, w: 0.9914479}
  m_LocalPosition: {x: -0.12095573, y: 0.0001866905, z: -0.009039879}
  m_LocalScale: {x: 1, y: 1, z: 1}
  m_Children:
  - {fileID: 914830157341878578}
  m_Father: {fileID: 8582196477542053557}
  m_RootOrder: 1
  m_LocalEulerAnglesHint: {x: 0, y: 0, z: 0}
--- !u!1 &9175944618328229850
GameObject:
  m_ObjectHideFlags: 0
  m_CorrespondingSourceObject: {fileID: 0}
  m_PrefabInstance: {fileID: 0}
  m_PrefabAsset: {fileID: 0}
  serializedVersion: 6
  m_Component:
  - component: {fileID: 4406512071288196403}
  m_Layer: 0
  m_Name: Right_Breast
  m_TagString: Untagged
  m_Icon: {fileID: 0}
  m_NavMeshLayer: 0
  m_StaticEditorFlags: 0
  m_IsActive: 1
--- !u!4 &4406512071288196403
Transform:
  m_ObjectHideFlags: 0
  m_CorrespondingSourceObject: {fileID: 0}
  m_PrefabInstance: {fileID: 0}
  m_PrefabAsset: {fileID: 0}
  m_GameObject: {fileID: 9175944618328229850}
  m_LocalRotation: {x: 0, y: -0, z: -0, w: 1}
  m_LocalPosition: {x: 0.025622265, y: 0.12196367, z: 0.051280692}
  m_LocalScale: {x: 1, y: 1, z: 1}
  m_Children: []
  m_Father: {fileID: 1188589942484996857}
  m_RootOrder: 3
  m_LocalEulerAnglesHint: {x: 0, y: 0, z: 0}
